2988 5020
696 415 738 476 tt

213 619 320 701 φέων,
343 618 365 682 i.
389 639 418 683 e.
441 615 580 690 πέπλους
600 619 654 680 καὶ
678 616 775 700 στέφη
797 617 1007 684 deterrueruut.
1028 614 1220 701 sopitae.

212 737 291 800 923.
323 740 446 814 ἄγοντα
476 737 588 816 φωτῶν
619 731 743 798 ἀθλίων
778 737 920 818 incripta,
963 735 1033 799 Ers.
1068 739 1109 799 ed
1144 736 1222 800 Ant.

216 853 312 914 1194.
346 855 452 935 ἄσημα
483 853 573 936 βοῆς,
608 848 726 915 Mettlr.
761 849 820 915 Gr.
846 854 864 936 §
898 853 974 915 442.
993 851 1024 916 4.
1047 891 1088 904 -
1110 851 1223 938 ’Ἔχειν

213 971 292 1050 ἀμφί
314 993 368 1053 τι,
391 964 506 1032 elicui
527 970 582 1030 rei
604 970 778 1031 intentum
800 987 879 1031 esse.
915 967 995 1032 Luc.
1018 965 1173 1054 Necyom.
1191 989 1222 1033 ο.

214 1087 251 1159 7,
273 1085 335 1149 sub
358 1088 383 1151 f.
416 1089 452 1148 τό
473 1083 584 1150 λοιπὸν
602 1085 681 1166 ἀμφὶ
702 1077 814 1150 aloda
827 1085 967 1170 εἴχομεν,
992 1105 1091 1168 quem
1115 1087 1224 1149 locum

214 1203 309 1266 effert
326 1200 434 1267 Schol.
457 1200 509 1265 Bis
532 1201 611 1264 Ace.
637 1203 698 1278 12,
720 1201 800 1284 ἀμφὶ
823 1204 880 1274 τὰς
903 1201 994 1274 δίκας
1015 1202 1116 1286 ἔχετε,
1141 1201 1224 1266 Xen.

216 1317 338 1404 Cyrop.
372 1317 413 1383 V.
444 1322 476 1381 5.
497 1319 558 1390 tt,
579 1315 673 1382 V111.
699 1321 728 1380 l.
752 1319 803 1382 te.
848 1315 987 1382 Facilior
1010 1318 1072 1382 erit
1093 1318 1157 1382 loci
1176 1319 1226 1380 in-

216 1437 381 1510 tellectus,
404 1435 430 1498 si
453 1454 530 1499 curn
550 1433 677 1508 amico,
701 1432 792 1498 cuius
816 1434 974 1497 iudicium
993 1435 1226 1520 magnifacio,

214 1551 386 1617 scribimus
407 1552 487 1633 cippi
507 1587 553 1600 -
572 1549 700 1632 iusuper
724 1533 784 1632 pro
807 1550 927 1631 ἕξομεν.

218 1713 222 1720 -
264 1667 453 1734 tenvem
483 1671 522 1752 1„
544 1668 578 1729 in
605 1669 720 1730 lerum.
742 1671 800 1747 τὴν
824 1673 908 1732 τεάν.
954 1671 1130 1731 Tedrtam
1152 1688 1229 1750 pro-

216 1799 291 1872 pter
310 1786 469 1851 rariorem
493 1783 694 1866 pronominis
716 1787 862 1847 formem
885 1804 986 1866 quam
1008 1796 1144 1867 propter
1160 1807 1230 1848 me·

215 1917 308 1972 eram
333 1901 556 1984 recipiendum
577 1899 724 1977 ridetur3
749 1921 811 1982 pro
834 1905 891 1981 τὴν
907 1899 1117 1964 scribendum
1139 1908 1207 1967 τάν.

266 2021 342 2084 105.
365 2018 436 2082 ’'Ie’
459 2017 506 2080 'irs
528 2022 663 2090 πάντες,
699 2013 808 2080 Schol.
834 2015 884 2094 A,
909 2018 965 2099 qui
989 2018 1089 2082 refert
1112 2018 1232 2083 alioue

219 2131 400 2218 euphoniae
420 2153 514 2200 causa
535 2131 678 2214 positum
697 2131 905 2207 existimasse,
929 2133 1005 2196 alios
1027 2133 1076 2197 'id'
1093 2135 1134 2196 ad
1147 2133 1234 2198 Mer·

219 2268 307 2326 tem,
342 2252 387 2316 ire
419 2251 461 2314 sd
496 2267 610 2312 omnes
640 2250 715 2312 deos
744 2249 901 2313 retulisse.
947 2247 1042 2317 Unde
1073 2248 1233 2333 Hauptius

219 2369 330 2445 efficit,
367 2370 456 2432 hunc
474 2379 508 2430 et
533 2367 780 2447 praecedentem
806 2385 935 2430 versum
963 2367 1051 2430 sedes
1075 2380 1233 2443 mutasse,

219 2499 253 2552 et
278 2487 356 2551 olim
383 2487 504 2552 lectum
527 2481 639 2546 fnisse:

438 2584 493 2688 γὨ
516 2596 712 2686 χρυσοπήληξ
735 2597 848 2680 δαῖμον
872 2635 886 2647 -
909 2636 923 2647 -

447 2717 531 2794 ‘'Ie’‚
554 2716 601 2780 ’r'rs
626 2721 741 2788 πάντες

448 2835 521 2898 Oroi
545 2830 742 2918 πολισσοῦχοι
764 2837 889 2919 χθονός.
998 2905 1001 2910 ,

224 2955 287 3021 Sed
310 2953 356 3018 sic
377 2951 501 3034 antiqui
526 2952 717 3033 interpretes
735 2971 801 3014 non
821 2952 855 3014 in
874 2949 942 3018 hoc·
958 2955 1031 3018 loco
1054 2955 1235 3020 haesissent.

224 3072 335 3158 Quare
354 3073 504 3155 vulgatus
522 3069 603 3132 ordo
625 3068 811 3133 retinendus
832 3069 973 3148 videtum
989 3068 1104 3154 'quum
1125 3085 1236 3136 tamen
1331 3133 1333 3138 ,

223 3191 258 3254 in
289 3187 442 3252 omnibus
472 3205 553 3268 quos
588 3183 746 3267 interpres
773 3199 879 3252 nosset
900 3185 989 3249 libris
1018 3185 1065 3271 ἴθ’
1089 3202 1186 3262 esset,
1211 3196 1237 3251 e

224 3321 335 3372 eutem
366 3316 399 3368 et
429 3301 449 3365 d
477 3301 601 3384 saepius
630 3313 880 3382 permutentur,
918 3323 991 3366 rere
1017 3303 1117 3368 videri
1141 3305 1238 3386 possit

224 3425 329 3490 Turn.
366 3419 552 3487 coniectura
585 3415 666 3483 'idere
690 3413 739 3501 ¹),
781 3419 871 3500 quod
903 3420 1075 3502 praecipue
1105 3435 1239 3503 propter

225 3537 453 3626 repetitionem
474 3539 591 3620 placet.
637 3533 686 3597 Itu
714 3531 832 3597 rectius
855 3555 986 3620 quoque
1012 3537 1091 3600 haec
1110 3557 1238 3619 praece-

224 3658 374 3723 dentibus
396 3659 594 3742 iunguntur3
619 3650 687 3725 Tu,
711 3651 818 3735 inquit
839 3653 967 3728 chorus,
989 3655 1070 3717 haec
1091 3654 1238 3736 adspice,

261 3931 285 3984 1)
318 3927 454 3976 Philodem.
479 3928 509 3976 de
534 3929 606 3976 unes.
630 3928 648 3976 l.
676 3927 708 3974 tv
726 3927 764 3989 (ex
782 3927 900 3974 roiumm.
920 3925 1054 3990 liercuien)
1080 3943 1102 3976 c.
1120 3929 1147 3976 e.
1164 3929 1240 3977 iffi.

227 4024 392 4098 itadsdysrs
409 4041 454 4088 pro
471 4019 552 4094 διοιΦ.
569 4031 594 4074 et
612 4027 725 4076 similiter
742 4025 812 4075 stibi.
