2988 5020
651 465 713 527 127

188 691 271 753 quae
291 668 413 753 aliquid
435 669 597 732 contineat
618 669 883 752 praecedentibus
893 671 1037 756 gravius,
1062 670 1203 754 quisque

186 769 303 865 sentit}
335 799 372 849 nt
409 788 496 848 locus
527 807 617 850 nunc
649 785 790 872 legitur,
822 787 921 851 verba
951 785 1201 872 πικρογλώσσους

188 905 265 988 ripae
285 901 370 966 nihil
393 905 532 966 afferunt
553 903 640 968 novi.
687 903 799 990 Longe
823 908 1042 987 praeferrem:

458 1019 580 1094 τέκνοις
604 1021 632 1084 δ’
657 1022 770 1104 οέγρίας

459 1140 570 1219 ἐφῆκεν
595 1140 757 1212 ἐπικότους
779 1143 922 1223 τρόφους.
1033 1179 1035 1186 -

189 1255 305 1332 Dirae,
329 1254 446 1338 quibus
463 1253 606 1338 Oedipus
627 1256 708 1320 filios
728 1258 911 1331 devoverat,
925 1256 958 1318 in
969 1258 1115 1320 futuram
1128 1276 1201 1339 per·

190 1373 368 1455 pernicicm
402 1393 453 1436 eos
484 1374 631 1436 educasse
652 1373 818 1438 dicuntur.
864 1377 1005 1457 Τρὸφους
1026 1371 1202 1456 interposi-

140 1548 145 1553 .
189 1503 264 1554 tum
285 1488 390 1554 verbis
410 1491 523 1573 α’ραίας
543 1503 575 1553 et
586 1491 663 1574 α’ρὰς
681 1491 774 1554 facile
795 1491 828 1552 in
849 1494 963 1574 τροφὰς
983 1489 1071 1553 abire
1083 1492 1202 1572 potuit,

190 1585 339 1670 similiter
376 1620 473 1692 atquc
504 1607 537 1671 in
570 1606 688 1672 Aldina
722 1611 869 1682 ἐοικότας
890 1608 1019 1693 legitur.
1050 1643 1096 1657 -
1127 1607 1204 1674 Post

189 1727 395 1808 ἐπιτρόπους,
435 1725 524 1808 quod
555 1724 653 1790 habet
685 1725 767 1810 aeg,
801 1725 839 1789 E.
869 1728 1038 1810 langueret
1067 1734 1201 1810 τροφᾶς;

189 1842 300 1925 itaque
310 1843 374 1905 hoc
386 1854 418 1904 et
430 1845 622 1918 ἐπισκότους,
644 1844 733 1925 quod
746 1864 784 1906 ex
799 1845 984 1916 ἐπισκόπους
996 1855 1202 1926 corruptum,

188 1974 349 2043 tanquam
384 1959 509 2023 variam
534 1960 706 2024 lectionem
739 1962 832 2023 affert
857 1959 947 2030 Voss.
973 1962 1012 2034 2,
1044 1961 1203 2042 interpre-

192 2077 320 2140 tationis
342 2075 446 2162 gratia
467 2075 627 2158 adscripta
644 2075 739 2139 fuisse
759 2076 921 2140 videntur.
940 2111 985 2124 -
1007 2075 1055 2138 De
1073 2075 1201 2138 Heathii

191 2195 376 2260 coniectura
400 2195 546 2267 ἐπίκοτος
575 2201 691 2278 τροφᾶς
710 2194 867 2258 ridendus
891 2193 1005 2260 Herm.
1029 2193 1069 2260 dc
1092 2193 1201 2259 Trttt.

191 2311 223 2397 T
220 2311 434 2394 laedonis,.p.
460 2315 512 2376 15.
967 2398 972 2405 ι
1197 2359 1199 2364 ,

204 2461 206 2464 ·
236 2431 313 2494 775.
336 2426 401 2512 Qui
430 2451 509 2492 cum
531 2429 636 2493 verbis
660 2433 774 2512 positae
799 2432 930 2515 longam
958 2421 1066 2494 Sclrol.
1096 2430 1132 2496 tl.
1162 2419 1204 2494 ad

191 2569 223 2611 v.
248 2546 325 2611 778.
350 2547 594 2610 annotationem
618 2547 808 2622 contulerit,
840 2547 1093 2623 animadvertet,
1126 2569 1203 2611 eum

190 2664 382 2729 sententiam
412 2665 544 2739 afferre,
575 2685 658 2748 quae
688 2663 815 2738 verbis,
850 2675 888 2726 ut
916 2684 1004 2726 nuuc
1030 2666 1202 2749 leguntur,

191 2783 283 2845 nullo
312 2794 408 2865 pacto
438 2780 538 2844 inesse
567 2793 683 2862 potest.
730 2781 781 2844 Ad
811 2780 957 2864 quamsi
981 2786 1094 2864 poe'tae
1118 2782 1204 2846 dicta

192 2910 294 2962 essent
330 2899 626 2991 accommodanda,
662 2896 739 2962 novi
768 2916 878 2961 versus
908 2897 1052 2982 fingendi
1083 2899 1203 2964 forent.

191 3013 264 3080 Non
281 3015 415 3101 ignoro,
438 3035 532 3097 saepe
553 3014 702 3097 antiquos
716 3014 907 3100 interpretes
922 3016 1081 3097 quaedam
1096 3017 1136 3078 de
1146 3033 1204 3078 suo

190 3136 329 3208 addere,
353 3142 499 3196 attamen
517 3129 599 3196 hacc
621 3151 752 3214 semper
768 3134 809 3194 ad
822 3132 1140 3214 poetassententiam
1159 3133 1204 3196 la'-

192 3253 255 3316 tius
275 3252 514 3334 explanandam
536 3251 721 3333 pertinent;
746 3252 853 3321 velut,
876 3249 900 3312 si
919 3251 983 3313 hoo
1006 3250 1077 3314 loco
1101 3251 1205 3314 obiter

189 3381 323 3434 tautum
348 3367 472 3430 mentio
489 3371 576 3430 sacta
600 3380 678 3431 esset
697 3368 834 3430 deorum
847 3365 1099 3441 benevolentiae,
1120 3385 1206 3450 quae

193 3485 310 3550 urbem
339 3496 511 3558 servasset,
539 3483 666 3567 reliqua
691 3483 783 3547 lacilc
804 3477 997 3546 enarratoris
1019 3484 1206 3566 loquacitati

189 3605 385 3670 tribuerem.
430 3601 584 3677 Accedit,
618 3602 707 3684 quod
738 3619 847 3664 versus
880 3599 939 3683 ipsi
967 3598 1050 3664 mihi
1073 3601 1206 3684 quidem

191 3739 328 3806 gravem
350 3718 607 3804 interpolationis
633 3715 849 3800 suspicionem
862 3731 1006 3782 movent.
1031 3715 1207 3802 Postquam

193 3847 306 3920 aperte
326 3837 406 3899 dixit
430 3858 566 3919 praeco,
589 3835 707 3900 urbem
727 3847 887 3899 servatam
906 3855 970 3899 esse
983 3856 1013 3899 v.
1029 3837 1111 3911 775,
1135 3856 1210 3899 rur·

192 3974 245 4017 sus
271 3953 358 4017 idem
381 3953 520 4038 figurate
540 3954 701 4040 significat
722 3974 754 4018 v.
768 3955 857 4028 777,
879 3972 944 4035 sq.;
969 3953 1068 4035 idque
1090 3945 1209 4017 deinde

192 4085 245 4136 ter
269 4070 426 4148 inculcat,
450 4092 482 4136 v.
497 4071 579 4147 786,
604 4071 690 4148 797,
714 4069 794 4134 802,
816 4067 917 4132 Porro
929 4089 1208 4151 supervacaneum
