2988 5020
762 351 837 464 Ι86

307 609 475 674 continuos
499 626 605 672 versus
625 605 750 674 Eteooli
772 605 938 682 adscribit,
962 609 1078 689 procui
1097 606 1200 670 dubio
1218 622 1325 684 recte,

307 747 383 789 nani
409 725 494 790 inter
518 726 608 790 chori
640 724 786 790 carmina
817 737 881 788 tros
907 723 1028 808 ubique
1050 725 1191 789 senarios
1215 726 1326 790 inter·

306 843 398 925 ponit
422 843 576 908 Eteocles.
622 843 670 907 Ex
697 841 804 907 votbis
825 843 881 906 ουκ
904 836 961 907 οὖν
982 842 1059 928 (sivo
1082 845 1206 918 οὔκουν,
1229 846 1325 928 quud

305 959 439 1043 perinde
462 957 522 1045 ost)
548 973 698 1043 apparet,
723 963 916 1042 praecedens
939 963 1064 1046 εὔχεσθε
1088 981 1154 1023 non
1178 981 1241 1024 esse
1255 961 1325 1024 im·

305 1077 457 1160 peruntis.
512 1078 561 1142 Do
593 1075 663 1141 ἀλλ’
704 1071 761 1143 οὖν
794 1097 855 1160 pro
886 1097 952 1160 quo
984 1079 1180 1160 plerumque
1216 1079 1321 1142 Attici

305 1193 376 1260 ἀλλ’
404 1190 459 1261 οὖν
483 1229 518 1242 -·
550 1196 586 1274 μὲ
611 1197 653 1260 cf.
668 1193 811 1280 Hoogev.
833 1193 967 1258 Partioo.
981 1214 1014 1276 p.
1029 1196 1082 1268 48,
1105 1215 1177 1278 sqq.
1202 1194 1320 1262 Elmsl.

305 1315 347 1376 od
372 1312 479 1378 Prom.
503 1313 608 1387 1070,
640 1312 673 1375 in
697 1315 748 1377 od.
772 1311 893 1377 Blomf.
916 1311 1003 1394 Lips.
1026 1333 1057 1394 μ.
1081 1313 1164 1388 194,
1188 1309 1317 1399 Pflugt.

305 1434 346 1496 ud
378 1431 460 1496 Eur.
489 1430 614 1495 Heroni.
648 1431 734 1509 6893
769 1430 867 1493 latine
891 1432 1086 1513 piorumque
1108 1430 1317 1512 interpretari

304 1549 379 1613 licet
402 1559 558 1612 cit-certo.
604 1546 676 1611 Hoc
698 1550 770 1611 loco
791 1546 862 1611 ἀλλ’
887 1543 943 1612 οὖν
967 1566 1032 1610 non
1058 1549 1098 1610 ad
1126 1549 1220 1620 θεοὺς
1246 1562 1317 1611 tsn-

305 1679 397 1740 tum,
420 1667 476 1728 sed
500 1667 540 1728 ud
564 1665 662 1729 verba
686 1668 779 1738 θεοὺς
802 1668 873 1757 τούς
896 1673 950 1746 τῆς
974 1663 1107 1749 ἁλούσης
1131 1663 1241 1739 πόλεος
1265 1687 1316 1730 rs·

305 1785 476 1847 ferendum
501 1793 557 1846 ost.
604 1782 720 1866 Itaque
743 1782 798 1846 hio
820 1803 928 1847 sensus
951 1797 1013 1847 est:
1033 1787 1249 1870 precamini,
1274 1795 1313 1847 ut

304 1921 452 1964 murus
476 1910 592 1964 arcent
626 1900 789 1964 hostilem
819 1902 998 1986 impetum.
1043 1901 1114 1963 Hoo
1142 1921 1224 1988 orgo
1247 1922 1315 1963 non

303 2040 402 2106 pones
424 2021 524 2082 dous
548 2021 629 2094 erte,
652 2029 692 2081 ot
715 2016 792 2081 deos
814 2028 935 2104 captas
957 2016 1099 2104 quidem
1117 2017 1219 2088 urbis
1235 2017 1314 2100 doſs-

304 2107 385 2212 otri,
392 2136 593 2224 famosos-t.
617 2135 714 2221 Quod
726 2136 752 2200 si
764 2136 918 2200 scribitur
931 2138 1044 2202 οὐκοῦν
1055 2136 1125 2201 τάδ’
1138 2138 1225 2201 ἔσται
1238 2139 1314 2220 πρὸς

304 2264 403 2332 ostiu
428 2258 636 2320 uertendum:
652 2253 786 2317 honoino
798 2275 880 2342 orgo
891 2275 990 2339 penos
1002 2253 1079 2318 deos
1091 2257 1176 2329 erit,
1190 2276 1246 2317 σοι
1253 2276 1312 2340 po-

303 2395 362 2435 nes
393 2371 469 2434 deos
487 2394 555 2435 esse
574 2374 735 2457 putatis?
761 2371 936 2459 (Minimo)
956 2371 1016 2436 sod
1036 2408 1092 2436 -.
1128 2372 1312 2436 Fatendum

303 2501 415 2552 tamon
440 2489 524 2550 idem
550 2489 652 2572 magis
677 2489 843 2570 perspicuo
867 2488 1034 2554 enunciari
1055 2491 1205 2572 potuisse,
1228 2502 1266 2552 ut
1286 2489 1313 2552 si

303 2605 464 2688 scriptum
489 2619 567 2669 osset
590 2610 617 2669 εἰ
640 2611 717 2684 γοῦν
740 2605 810 2670 τάδ’
835 2609 923 2670 ἔσται
946 2610 1023 2689 πρὸς
1048 2611 1153 2672 θεῶν·
1182 2605 1252 2671 αλλ’
1276 2607 1313 2670 οὐ

304 2726 395 2796 θεολ·
428 2725 499 2796 τούς
532 2731 586 2804 τῆς
617 2721 749 2806 ἁλούσης
782 2721 891 2796 πόλεος
916 2722 1069 2788 ἐκλείπειν
1093 2722 1201 2803 λόγος;
1233 2745 1312 2808 pro-

304 2839 449 2904 tundum
474 2852 542 2915 est,
571 2853 611 2904 ut
636 2863 758 2904 murus
777 2840 888 2904 hostes
912 2852 1049 2912 aroeot.
1074 2844 1108 2904 si
1129 2839 1227 2904 modo
1252 2841 1312 2904 λου

299 2980 401 3044 peotes
418 2956 494 3021 deos
515 2960 602 3035 orit3
623 2956 683 3020 sed
699 2979 808 3021 κοπκι
824 2956 981 3022 deos-P
1006 2958 1053 3021 Do
1074 2960 1311 3022 constructione

303 3075 397 3140 verbi
421 3073 575 3140 ἐκλείπειν
599 3077 640 3138 cf.
663 3074 748 3139 Pers.
770 3077 843 3139 126.
869 3083 931 3150 πᾶς
953 3113 998 3126 -
1022 3074 1116 3151 λεὼς,
1140 3085 1253 3158 σμῆνος
1270 3079 1311 3148 ὠς

305 3194 484 3260 ἐκλέλοιπεν
507 3192 680 3276 μελισσῶν,
705 3191 873 3275 8ομ11.Ε1.
898 3194 1002 3270 11383
1035 3196 1075 3257 de
1100 3191 1312 3260 usunrtiouIi

303 3305 376 3396 post
388 3315 480 3385 θεοὺς
492 3309 570 3376 Ant.
585 3312 659 3376 199.
680 3313 772 3383 θεοὺς
797 3313 1025 3391 τοὺςκέγμενεῒς,
1049 3311 1105 3375 uhi
1125 3314 1168 3375 of.
1187 3309 1310 3396 Musgr.

304 3429 365 3514 Ag.
379 3429 456 3493 329.
481 3431 552 3502 τούς
573 3427 794 3514 πολισσούχους
813 3431 905 3501 θεοὺς
925 3430 996 3501 τους
1019 3437 1072 3509 τῆς
1091 3408 1224 3513 ἁλούσης
1244 3436 1311 3508 γῆς.

349 3547 425 3611 203.
456 3544 565 3611 Schol.
590 3545 626 3609 B.
649 3549 690 3609 ud
712 3548 787 3610 206.
816 3544 1123 3630 ἀστυδρομουμέναν]
1159 3549 1218 3611 ὑπὸ
1251 3562 1311 3615 τῶν

304 3665 403 3730 οἰστῶν
426 3661 675 3746 περιερχομένην.
721 3663 826 3747 Legit,
850 3677 887 3726 nt
910 3663 1029 3728 Bloms.
1051 3663 1141 3740 vidit,
1165 3662 1312 3748 οἷστσιλρο·

303 3777 482 3861 μονμένανς
513 3775 582 3841 sino
614 3799 717 3842 sensu.
764 3779 992 3863 Ἀστυδρομεῒν
1027 3781 1106 3843 nihil
1137 3781 1190 3846 hic
1223 3782 1311 3843 uliud

303 3893 463 3982 significat
475 3895 535 3959 nisi
550 3891 762 3982 oppnqnore3
787 3895 986 3980 quiescente,
1010 3911 1048 3962 ut
1068 3898 1177 3970 aiunt,
1201 3898 1310 3980 priore

305 4015 546 4099 compositionis
570 4028 671 4099 porte.
718 4013 769 4081 Cf.
784 4013 957 4080 Homerios
982 4015 1100 4082 αἰπόλι’
1127 4020 1233 4096 αἰγῶν,
1258 4037 1311 4080 συ-
