2988 5020
765 423 809 485 98

279 624 431 708 sequitur
456 637 511 700 ut,
535 627 624 708 quod
647 627 745 710 paulo
762 639 838 692 ante
860 629 980 715 legitur
1003 628 1120 718 βλαχαλ
1139 636 1302 714 αἱματόεσ-

287 764 339 805 σαι
362 742 489 805 maiore
509 744 640 808 audacia
659 745 786 810 <lictum
807 745 866 824 σὴς
901 759 989 810 recte
1012 761 1123 813 temen
1153 752 1300 835 plerique

287 860 479 942 interpretes
512 881 550 925 eo
584 882 651 925 non
687 875 763 926 sunt
794 863 916 927 offensi.
971 863 1099 930 Locum
1133 864 1301 950 Sophoclis

292 977 387 1062 (Phil.
420 977 500 1064 696)
533 981 670 1044 contulit
703 981 820 1056 well..
851 984 906 1045 sed
935 982 960 1045 is
989 997 1123 1065 propter
1156 998 1300 1050 metrum

289 1111 453 1179 suspectus
477 1111 535 1162 est.
580 1097 665 1163 Pers.
688 1099 765 1162 272.
789 1100 847 1175 ἴυζ’
871 1104 1015 1181 ἄποτμον
1039 1105 1137 1188 βοάν,
1162 1125 1222 1167 nee
1242 1105 1303 1168 dis-

288 1215 393 1278 simile
413 1228 460 1280 est
485 1217 573 1299 quod
585 1215 732 1291 Goeller,
756 1215 838 1280 Bibl.
857 1213 939 1281 Crit.
952 1215 1034 1283 Nor.
1054 1222 1116 1282 rol.
1135 1219 1177 1286 V.
1200 1243 1232 1302 p.
1247 1223 1299 1286 79.

289 1334 322 1395 in
354 1331 461 1398 Nostri
494 1332 609 1418 Suppl.
637 1357 668 1398 v.
697 1335 756 1397 191
785 1335 924 1398 restituit
948 1337 1061 1420 ζάχριι’
1087 1336 1158 1420 ἔπη.
1205 1337 1299 1402 Caeci

289 1471 345 1535 pes
365 1453 390 1516 si
410 1451 523 1534 τυφλὸς
554 1452 673 1516 dicitur
697 1452 811 1540 (veluti
834 1451 954 1517 Phoco.
980 1455 1086 1529 1619,
1110 1454 1184 1519 sim.
1216 1459 1298 1542 χείρ,

288 1569 332 1631 ib.
359 1566 565 1651 1702),1ιοο
588 1570 628 1632 fit
645 1582 837 1651 propterea,
862 1570 950 1653 quod
974 1589 1085 1634 caecus
1107 1571 1195 1634 viam
1218 1574 1296 1653 pede

286 1697 488 1768 praetentat;
523 1687 579 1749 sed
610 1687 762 1749 audacius
793 1707 904 1750 rursus
939 1684 1016 1751 Hec.
1056 1689 1155 1752 1021.
1189 1688 1317 1770 τυφλῷΙ

285 1805 449 1888 στείχοντα
480 1806 653 1887 παραφόρορ
683 1802 776 1877 ποδί,
808 1805 922 1867 A'escb.
958 1803 1020 1888 Ag.
1045 1806 1124 1868 881.
1159 1809 1215 1871 τὸν
1243 1810 1295 1872 σὸν

282 1921 355 1985 πόδ’
392 1917 676 2009 (Agamemnonis)
710 1913 736 1983 ὦ
771 1922 842 1996 ’ναξ
868 1920 971 1986 Ἰλίου
1001 1930 1203 2008 πορθήτορα,
1240 1924 1296 1988 ubi

278 2038 436 2106 Valcken.
466 2041 507 2104 ad
544 2037 666 2105 Phoen.
701 2041 768 2104 854
802 2039 944 2104 malebat
981 2047 1199 2126 πορθήτορος,
1241 2045 1296 2106 sed

280 2158 370 2241 prius
399 2177 465 2221 non
492 2156 690 2248 abhorrete
717 2160 825 2220 fucata
851 2169 884 2220 et
915 2159 1130 2242 grandiloqua
1164 2157 1293 2244 Clytae-

280 2289 443 2340 mnestrae
463 2277 619 2341 oratione.
641 2273 741 2357 Soph.
768 2275 819 2340 El.
843 2276 921 2339 816.
947 2275 1081 2342 ἐλπίδων
1105 2283 1293 2344 κοινοτόκων

280 2395 420 2474 ἀρωγαί,
456 2391 477 2455 i.
507 2414 537 2456 e.
567 2392 634 2474 spei
662 2392 696 2455 in
729 2391 871 2477 cognatis
897 2392 1037 2474 positae,
1061 2392 1141 2458 Eur.
1168 2393 1292 2458 Phoen.

283 2512 360 2576 795.
384 2493 514 2591 ψαλίοις
537 2511 761 2595 τετραβάμοσι,
795 2509 868 2592 lpb.
891 2510 929 2573 T.
960 2511 1025 2573 216
1050 2513 1144 2585 ἱστοῖς
1168 2516 1201 2578 ἓν
1220 2512 1294 2578 καλ-

281 2628 467 2710 λιφθόγγοις
479 2663 524 2676 -
535 2625 705 2699 Παλλάδος
725 2627 797 2691 sisci>
815 2626 1031 2704 ποικίλλουσα,
1050 2629 1107 2693 ubi
1122 2631 1165 2694 cs.
1179 2629 1291 2694 Herm.

280 2747 336 2810 His
365 2745 590 2829 similibusque
618 2745 694 2809 locis
727 2746 900 2808 lectionem
924 2747 1118 2832 dereliqueris·
1141 2746 1217 2812 satis
1239 2751 1293 2812 de-

281 2862 371 2927 fendi
392 2861 550 2925 existimo.
597 2861 642 2928 Ut
661 2874 771 2925 autem
795 2875 944 2926 accurate
963 2867 1165 2941 ostendatur,
1190 2885 1290 2948 quam

280 2982 441 3047 rationem
460 2977 573 3064 tragici
594 2979 628 3040 in
652 2980 715 3043 hac
737 2979 975 3043 constructione
997 2980 1150 3044 recutiet
1175 2977 1307 3064 quous?

278 3101 343 3186 que
376 3097 532 3185 progressi
573 3097 654 3171 sint,
695 3096 785 3178 prius
818 3097 928 3160 omnia
965 3098 1061 3160 huius
1098 3098 1291 3162 traiectionis

278 3220 429 3301 exempla
467 3215 664 3301 colligenda,
705 3226 736 3278 el
767 3216 808 3278 sd
847 3233 967 3301 genera
1002 3217 1162 3298 quaedam
1199 3233 1289 3279 revo-

280 3336 381 3398 canda
405 3345 512 3396 erunt.
560 3332 711 3417 Intelligo
734 3344 843 3396 aulem
873 3352 939 3395 uon
971 3353 1008 3394 ea
1031 3345 1161 3396 lantum
1183 3353 1289 3396 exem-

279 3456 365 3536 pla,
407 3450 441 3514 in
490 3449 608 3535 quibus
639 3444 736 3514 rebus
769 3449 930 3531 corporeis
966 3450 1159 3514 adscribitur
1203 3452 1291 3534 quod

277 3585 323 3636 est
347 3573 483 3635 alierum
519 3589 632 3633 rerum
658 3569 709 3633 vel
733 3588 966 3650 personarum,
998 3570 1052 3633 sed
1081 3569 1179 3634 etiam
1203 3573 1290 3634 locos

276 3690 345 3751 illos
365 3689 472 3749 multo
493 3686 689 3758 crebriores,
714 3685 770 3747 ubi
792 3684 958 3749 abstractis
980 3686 1159 3768 improprie
1183 3685 1291 3752 adiici-

275 3817 378 3869 untur
406 3801 574 3866 adiectiva.
621 3784 660 3863 ln
685 3800 844 3885 Aeschylo
866 3800 947 3866 baec
969 3804 1193 3869 animadverti.
1223 3807 1285 3891 Ag.

279 3925 374 3988 1031.
410 3920 504 4004 φράζε
534 3922 684 4005 καρβάνῳ
712 3920 792 4003 χερί,
825 3917 868 3980 ib.
906 3920 979 3984 79.
1000 3924 1046 3983 Τό
1081 3922 1116 3982 e’
1156 3921 1291 4007 ὑπέργη-

276 4063 338 4129 ρων
359 4072 404 4090 -—
426 4035 576 4121 τρίποδας
607 4035 697 4109 obsec
720 4037 852 4121 στείχει,
885 4034 906 4100 i.
931 4051 959 4100 e.
985 4039 1089 4122 βάσεις
1112 4041 1193 4122 τρισί
1218 4040 1290 4104 ποσί
