3050 5034
765 543 809 610 ρο
830 585 835 594 .

281 743 533 841 quodmodo,
569 745 659 836 quod
681 747 715 814 in
736 745 862 816 seholib
881 747 1002 836 iegitur
1022 759 1056 814 et
1078 748 1113 814 in
1131 751 1296 819 nonnullis

281 870 422 955 antiquis
438 866 651 945 editionibus,
682 885 750 934 non
769 885 847 934 uera
869 865 967 932 lentio
986 885 1051 933 esse
1069 867 1214 946 ridetur,
1239 871 1295 936 sed

283 986 518 1071 interpretatio.
565 982 787 1052 Goniioiebem
810 984 1031 1071 δποστηρλζεε,
1056 987 1108 1051 rel
1129 985 1295 1074 ὑπερεῖδεν.

283 1101 381 1171 Nono
403 1115 475 1190 post
507 1123 564 1180 ea,
598 1122 683 1188 quae
722 1101 832 1168 attulit
853 1099 1006 1168 Seboem.
1026 1093 1190 1186 praestare
1213 1117 1294 1188 puto

282 1222 504 1288 oonieoturam
534 1218 716 1284 Hermanni
748 1219 962 1300 ὑποστενάζει.
1001 1215 1054 1285 Ci.
1083 1221 1187 1307 irgm.
1216 1219 1295 1289 235.

281 1340 379 1408 Dino.
404 1339 541 1430 (Athen.
562 1337 622 1402 xl.
643 1359 677 1421 p.
688 1337 767 1403 491.
786 1334 842 1423 A.)
863 1332 968 1405 dotes
988 1337 1208 1424 οὐρανοστεγῆ.
1232 1336 1295 1406 Ge·

280 1469 392 1524 terum
416 1477 523 1524 uooos.
558 1457 629 1523 αόὲν
647 1457 815 1542 ὑπείροχον
835 1455 949 1530 σθένος
969 1455 1090 1540 potitus
1119 1477 1184 1522 oete
1206 1457 1296 1524 ride·

280 1587 337 1643 tur
356 1587 394 1640 ut
420 1575 457 1639 in
472 1573 589 1658 Suppl.
614 1595 648 1640 r.
666 1577 743 1640 555.
763 1573 834 1640 ὅντ’
854 1573 1033 1660 ἐπέρχεται,
1057 1577 1155 1658 Τυφῶ
1180 1575 1294 1659 μένος,

280 1692 387 1779 Ὓδωρ
408 1696 444 1758 το·
462 1689 597 1759 Νείλου.
622 1687 682 1778 (ei.
700 1691 800 1756 etiam
820 1689 940 1758 Mettb.
960 1695 978 1779 §
1000 1692 1076 1758 425.
1096 1689 1142 1778 5.)
1165 1693 1222 1760 Vs.
1242 1715 1298 1758 ee·

283 1811 398 1897 quenti
416 1810 564 1894 plerique
582 1807 656 1877 VV.
675 1809 747 1874 DD.
767 1810 1029 1874 emendationem
1049 1821 1236 1889 tentarunt3
1260 1810 1296 1876 in

281 1919 396 1993 multis
421 1925 617 1992 coniecturis
645 1926 790 1990 maxime
824 1926 1053 1992 memorabiles
1082 1939 1160 1992 sunt
1192 1931 1295 2005 duae,

283 2065 364 2134 quas
383 2044 498 2111 Herm.
518 2043 706 2128 proposuit,
730 2049 893 2129 sparsisset
911 2053 945 2107 et
964 2045 1020 2110 τὸν
1040 2049 1148 2124 νάϊονς
1172 2057 1295 2129 postre-

283 2185 380 2229 mum
397 2175 508 2228 tamen
529 2181 643 2238 nemo,
667 2161 802 2245 opinor,
826 2169 899 2243 post
918 2161 1050 2225 doctam
1076 2159 1295 2228 Soboemanni

285 2284 326 2348 ad
346 2283 382 2347 b.
395 2283 420 2347 1.
441 2279 685 2345 annotationem
702 2277 844 2361 amplius
859 2277 1016 2342 tuebitur.
1063 2275 1127 2343 Sed
1144 2280 1236 2355 ride,
1255 2301 1297 2346 ne

281 2387 427 2482 vulgata*
443 2398 491 2461 bie
515 2395 739 2480 similibusque
764 2394 842 2458 loeis
867 2395 967 2477 possit
993 2395 1134 2460 defendi.
1179 2393 1297 2480 Snppl.
1324 2477 1327 2480 ,

282 2517 361 2580 636.
386 2518 467 2580 Δῖον
496 2512 672 2594 ἐπιδόμενοι
695 2516 853 2597 πράκτορά
875 2536 908 2576 τε
938 2515 1066 2578 σκόπον.
1112 2510 1198 2579 Pers.
1220 2515 1297 2581 558.
1337 2605 1340 2612 Ι

283 2635 407 2719 Θρῄκης
428 2635 473 2715 ἂμ
490 2628 645 2715 πεδιήρεις
661 2627 826 2716 δυσχίμους
846 2654 879 2695 τε
901 2628 1079 2703 κελεύθους.
1103 2630 1203 2698 Eum.
1218 2633 1297 2698 529.

283 2753 319 2818 ἐν
341 2749 420 2832 με’σᾳ
442 2747 599 2814 δυσπαλεῖ
616 2772 650 2812 τε
673 2746 760 2828 δίνᾳ.
805 2745 960 2811 Pedestris
984 2747 1136 2812 orationis
1158 2747 1298 2833 scriptor

283 2867 421 2932 dirissit:
457 2868 609 2952 κραταιὸν
633 2866 766 2949 οὐρανοῦ
789 2865 840 2930 tel
872 2864 1018 2948 οὐράνιον
1046 2864 1157 2932 πόλου.
1202 2866 1297 2934 Vert.

285 2987 349 3072 qui
383 3002 573 3070 numquam
598 2981 834 3064 deficientibus
866 2981 1168 3069 viribusfirmom
1195 2985 1297 3050 eoele-

282 3115 434 3190 stsmqtss
455 3101 575 3188 polum
599 3099 754 3164 humeris
779 3101 941 3166 restittat.
1063 3147 1066 3154 ,

330 3223 406 3287 435.
427 3216 698 3306 Προεελοδμευον,
722 3217 762 3281 A.
775 3213 877 3304 (edb.
890 3217 995 3283 urob
1016 3215 1104 3304 fin),
1126 3216 1295 3303 προςηλοδ-

283 3361 398 3422 μενον,
426 3336 463 3402 Β.
493 3337 535 3403 ed
557 3338 634 3401 437.
657 3333 797 3400 Formae
817 3335 913 3398 huius
936 3335 1029 3401 uerbi
1041 3332 1103 3400 bae
1121 3336 1298 3402 inveniun-

283 3469 360 3520 tur:
384 3452 523 3541 προοελῶ
547 3453 656 3543 (codd.
678 3453 713 3518 in
741 3451 837 3520 Arist.
857 3453 944 3520 Rau.
966 3455 1041 3530 730,
1065 3465 1098 3518 et
1109 3453 1217 3521 Sobel.
1237 3453 1296 3531 ib..

283 3571 374 3640 Suid.
393 3595 425 3640 v.
451 3570 674 3659 προσελοῦμεν,
709 3568 850 3658 Hesych.
873 3571 1089 3657 uttpooeiai,
1112 3585 1146 3637 et
1169 3571 1226 3656 qui
1250 3571 1297 3634 ibi

283 3693 434 3757 laudatur
462 3687 628 3774 Totae),
661 3687 822 3772 προυσελῶ
856 3689 941 3777 (eod.
964 3689 1046 3754 Rev.
1070 3689 1168 3756 Arist.
1192 3688 1296 3774 λλ),

284 3803 466 3894 προυσελλῶ
485 3797 613 3892 (Etpm.
636 3802 682 3868 M.
700 3825 735 3889 p.
757 3787 834 3870 390.
860 3802 933 3892 11),
956 3803 1118 3890 προυγελῶ
1141 3805 1297 3894 (Hesyoh.

283 3926 305 3992 i.
319 3925 364 4002 u..
387 3920 459 3990 MS.
481 3919 613 3988 stobaei
636 3933 722 3988 terte¹
736 3920 869 4000 Grotio,
893 3922 1108 4008 cf.1310mf.)‚›
1122 3922 1298 4007 προσσιλλῶ

286 4042 393 4134 (oodd.
414 4061 468 4126 ep.
481 4036 596 4124 Stepb.
619 4053 654 4106 et
676 4039 781 4106 Turn.
801 4051 912 4106 nostro
930 4038 1028 4127 loco).
1052 4039 1260 4106 Postremum
1279 4061 1300 4106 a

284 4157 390 4238 ολλλοο
422 4158 612 4226 ducendum
652 4157 878 4246 perexiguam
911 4157 1010 4225 babet
1043 4159 1298 4234 auctoritatem,
