3050 5034
738 437 773 481 Π

251 617 433 700 pretatione
466 619 727 706 Chalcondylue,
750 621 884 686 Maximi
909 621 1093 698 Planudae,
1118 621 1269 686 Moscho-

253 737 323 818 puli
345 751 402 802 aut
426 737 572 803 'ihomas
588 738 734 826 Magistri
753 741 879 803 fluxisse
903 753 1008 824 putat,
1029 740 1116 804 unde
1135 739 1267 814 dixeris,

252 875 328 918 sum
361 855 460 921 libros
495 877 562 922 non
585 858 801 931 consuluisse,
825 859 882 943 qui
903 860 1025 923 horum
1049 871 1187 932 astarem
1210 879 1269 922 su-

251 985 414 1054 perarent.
460 971 525 1039 Sed
557 972 623 1040 hoc
658 978 791 1040 fortasse
819 977 859 1040 de
891 976 1041 1060 ampliori
1062 987 1193 1040 tantum
1218 977 1267 1040 in-

253 1092 487 1174 terpretatione
523 1093 659 1180 intelligi
693 1095 817 1171 voluit,
843 1096 1049 1179 alterumque
1070 1095 1268 1159 scholiorum

254 1227 356 1292 genus
384 1229 460 1274 vere
486 1230 525 1276 ex
550 1229 617 1274 uno
640 1211 829 1294 pluribusve
848 1211 1085 1296 antiquioribus
1109 1211 1271 1276 codicibus

252 1325 394 1406 petitum
418 1339 475 1391 est.
522 1325 680 1392 Ceterum
707 1330 789 1395 liber
812 1331 923 1395 multis
944 1343 991 1396 est
1014 1331 1097 1396 vitiis
1118 1329 1269 1414 inquina-

252 1455 327 1520 tus,
360 1465 443 1528 quae
478 1457 590 1510 samen
607 1448 788 1512 maximam
806 1463 971 1531 parteme
994 1447 1156 1512 codicibus
1173 1447 1208 1510 in
1234 1468 1268 1510 e-

253 1559 412 1624 ditionem
434 1562 591 1626 transiisse
614 1565 777 1631 videntur.

296 1675 429 1742 Horum
460 1674 618 1748 vitiorum
651 1689 782 1762 partem
812 1680 977 1746 Victorius
997 1681 1033 1744 in
1053 1680 1194 1744 editione
1212 1701 1270 1744 sua

255 1794 407 1881 Aeschyli
442 1794 558 1883 (¹557)
593 1799 740 1878 sustulit;
782 1821 866 1864 nora
897 1800 1019 1864 scholia
1053 1821 1090 1865 er
1125 1797 1271 1864 Medioco

254 1925 387 1978 tantum
422 1915 576 1980 addidisse
597 1916 736 1981 ridetur
780 1921 834 2006 (cf.
870 1915 1072 2001 Stephanus,
1104 1938 1157 2000 ap.
1182 1915 1269 1982 Vict.

254 2053 290 2116 p.
321 2030 409 2106 389,
443 2030 568 2117 supra).
614 2031 711 2117 Quod
738 2034 764 2098 si
796 2057 835 2099 ex
865 2035 1043 2118 specimine
1074 2057 1093 2099 a
1119 2033 1160 2098 G.
1185 2033 1270 2096 Dtn.

255 2149 361 2215 dcrfio
381 2150 415 2213 in
438 2149 562 2239 Praef.
583 2151 631 2216 ud
649 2149 904 2220 Annotots'ones
936 2157 976 2218 in
999 2153 1119 2218 Aescb.
1143 2174 1177 2235 p.
1208 2153 1268 2225 15,

255 2287 327 2354 sqq.
364 2266 484 2355 (Oxou.
519 2269 667 2354 1841)1)
703 2271 869 2353 proposito
902 2280 1034 2334 tantum
1076 2271 1200 2333 efficere
1232 2268 1271 2330 li·

257 2398 329 2460 cet,
365 2405 470 2466 paura
511 2406 550 2449 ex
587 2387 643 2450 illo
679 2387 765 2449 libro
804 2387 977 2468 praecipue
1013 2389 1146 2470 glossas,
1190 2405 1270 2468 quas

255 2500 464 2566 Robortellus
492 2499 559 2565 iam
584 2502 654 2566 aliis
682 2498 810 2565 scholiis
839 2502 971 2566 insertas
995 2503 1161 2577 ediderat,
1185 2501 1267 2565 omi-

255 2621 307 2685 sit.
362 2617 493 2683 Scholia
524 2621 684 2703 quaedam
729 2620 771 2684 ab
809 2620 878 2704 ipso
906 2619 1055 2685 Victoris
1090 2619 1270 2701 composita

258 2738 378 2812 fuisse,
404 2737 585 2821 suspicatur
610 2734 810 2814 Absensius,
840 2737 881 2801 ds
911 2741 1027 2802 causis
1061 2735 1269 2824 quibusdam

257 2853 425 2940 Aeschyli
447 2854 597 2918 nondum
614 2859 707 2919 satis
729 2855 903 2920 emendati
924 2855 1030 2944 (Gott.
1054 2855 1154 2942 1832)
1180 2877 1212 2940 p.
1227 2861 1269 2931 5,

256 2973 346 3056 quod
383 2979 491 3056 neque
526 2995 545 3037 a
575 2994 667 3068 more
703 2973 787 3038 illius
827 2976 959 3051 aetatis,
995 2995 1103 3060 neque
1137 2975 1178 3038 ab
1222 2975 1270 3038 in-

256 3090 371 3154 stituto
403 3089 561 3167 Victorii,
595 3091 677 3154 nihil
705 3105 834 3174 praeter
853 3094 973 3157 scholia
992 3095 1032 3157 ad
1056 3099 1189 3177 poetam
1212 3115 1273 3156 ex·

254 3209 445 3290 plicandum
469 3207 601 3274 editioni
626 3230 702 3273 suae
725 3209 869 3274 addentis
890 3210 1054 3275 abhorret.
1101 3209 1163 3275 Sed
1186 3229 1270 3294 quae

255 3325 317 3391 sibi
346 3327 462 3410 passim
490 3324 748 3410 interpolationis
779 3327 984 3394 Victorianae
1009 3329 1127 3395 indicia
1156 3329 1270 3410 depre-

255 3445 398 3508 hendere
429 3443 512 3510 visus
535 3459 603 3522 est,
638 3467 675 3511 ea
694 3447 804 3510 omnia
826 3447 904 3512 falsa
927 3469 991 3514 esse
1015 3469 1035 3512 a
1058 3447 1228 3511 Diudorfio
1252 3467 1270 3512 e

255 3559 403 3628 Medieeo
419 3564 589 3629 docemurs
634 3563 792 3628 Maiorem
811 3563 1027 3649 suspicionem
1047 3584 1179 3630 movere
1191 3583 1269 3649 pos-

256 3757 476 3777 ··----ιι-

291 3865 316 3929 1)
333 3863 406 3913 Hunc
426 3865 567 3931 Engerique
584 3868 674 3918 librum
691 3871 721 3918 da
738 3871 884 3938 Aeschyliis
899 3873 1145 3941 Antistrnpbs'comm
1168 3891 1270 3944 rospon-

257 3958 386 4019 simbus,
412 3957 513 4007 vratial.
543 3961 615 4010 18³6.
640 3967 730 4012 nactus
755 3979 828 4028 sum,
854 3970 987 4033 postquam
1008 3969 1139 4019 mactatio
1164 3987 1219 4021 mea
1242 3971 1268 4020 iu

257 4051 432 4103 Prometheum
450 4051 498 4103 iam
516 4055 582 4121 typis
597 4072 723 4124 expresses
739 4064 801 4109 erat.
