2988 5020
690 455 730 517 81

198 660 287 740 quod
308 658 378 720 iure
402 657 584 737 comparari
608 676 698 737 posse
715 658 886 732 -videatur,
913 671 959 721 est
972 657 1081 722 Proin.
1104 680 1147 723 vs.
1170 661 1209 734 2,

198 773 256 836 ubi
279 777 415 860 ἄβροτον
438 773 563 855 recepit
587 773 719 849 Bromt,
742 793 825 858 quae
845 773 942 838 lectio
962 796 1036 838 sane
1053 795 1210 861 magnam

198 890 297 969 babet
333 890 576 966 auctoritatem
615 911 692 952 nam
726 903 854 972 praeter
884 911 936 956 eos
960 895 1210 976 gratnmatioos‚

199 1027 279 1090 quos
309 1009 419 1070 laudat
450 1007 572 1080 Well.‚
606 1011 743 1093 ἄβροτοο
764 1007 860 1070 hodie
887 1008 986 1070 etiam
1020 1006 1213 1072 scholiastae

199 1123 366 1205 Aristoph.
388 1123 473 1188 Rau.
495 1125 580 1198 827,
605 1124 661 1186 ubi
687 1123 786 1205 primi
810 1123 996 1188 Promethei
1015 1128 1212 1190 versusaffe-

198 1255 334 1315 rantur,
358 1265 377 1305 a
399 1241 569 1306 Diodorfio
592 1263 630 1304 ex
656 1241 865 1320 oodtVeneto
883 1242 1071 1305 restitutum
1084 1256 1147 1320 est3
1172 1247 1214 1308 ad

148 1433 151 1438 Ι
199 1359 402 1441 eandemque
424 1333 854 1432 lectionem'reserendum,
877 1361 965 1438 quod
989 1359 1022 1422 in
1046 1357 1153 1423 Soliol.
1167 1364 1211 1424 Γ.

199 1476 240 1538 ad
264 1472 373 1537 Prom.
397 1475 421 1536 l.
443 1475 464 1536 l.
491 1473 622 1558 legitur:
647 1478 700 1536 καὶ
723 1473 888 1556 Σοφοκλῆς
914 1479 949 1540 τὸ
970 1477 1047 1541 αὐτὸ
1070 1479 1140 1560 trapi
1155 1481 1212 1540 Φι-

179 1589 353 1684 λοκτήτου
387 1589 469 1668 λέγει
501 1590 556 1676 (of.
591 1587 694 1671 Sopb.
726 1589 811 1658 Pbil.
846 1592 877 1656 2.
902 1595 1024 1678 βροτοῖ,1
1046 1598 1213 1666 ἄοτεοπτος

200 1705 267 1772 οὐδ’
301 1703 500 1788 οἶκοομέοη);
534 1727 617 1789 quae
656 1705 753 1770 verba
777 1727 815 1769 ex
841 1708 1017 1790 antiquiori
1043 1731 1213 1774 commen-

199 1824 283 1887 tario
313 1827 410 1888 ducta
434 1820 597 1888 videntur.
644 1821 706 1886 Sed
729 1827 852 1910 ἄβατον
877 1826 1057 1908 antiquitus
1077 1847 1212 1908 praeva-

199 1941 292 2004 luisse
313 1944 387 2004 inde
407 1940 587 2025 intelligas,
612 1943 699 2022 quod
724 1953 756 2003 et
779 1960 891 2004 omnes
913 1943 1012 2006 nostri
1035 1942 1111 2006 libri
1133 1944 1214 2007 illud

200 2058 341 2132 habent,
378 2070 410 2120 et
439 2057 476 2119 iis
507 2056 605 2130 locis,
641 2056 697 2118 ubi
720 2055 805 2118 vocis
827 2059 950 2120 notatio
973 2078 1039 2120 non
1062 2060 1216 2134 additur,

200 2171 275 2235 libri
298 2173 421 2254 aliquot
442 2171 529 2234 idern
549 2169 717 2251 praebent.
740 2170 888 2234 Dubium
902 2188 1084 2253 praeterea,
1099 2187 1214 2238 utrum

201 2295 315 2373 poeta,
339 2289 364 2350 si
387 2301 496 2352 tamen
518 2307 594 2350 vera
617 2286 672 2350 illa
694 2287 789 2350 lectio
807 2301 876 2364 est,
900 2290 965 2352 boo
992 2288 1148 2360 vooebnlo
1167 2293 1213 2354 lo·

201 2427 278 2469 curn
301 2403 471 2468 desertum
497 2404 678 2488 significare
702 2404 861 2478 voluerit,
894 2427 936 2468 an
957 2417 1118 2482 sanctam
1141 2407 1213 2470 soli-

201 2523 374 2595 tudinem,
398 2541 481 2604 quae
503 2540 634 2585 saorurn
662 2523 825 2603 quendam
846 2522 1016 2594 horrorem
1040 2523 1213 2589 incuteret.

200 2638 310 2723 Quare
334 2639 389 2700 illo
409 2641 479 2700 loco
502 2657 569 2700 non
592 2655 746 2712 moveor,
767 2648 807 2699 ut
828 2637 883 2702 hio
902 2639 1049 2722 ἀγήνορες
1064 2641 1214 2720 probem.

250 2757 323 2818 120.
343 2752 450 2818 Schol.
462 2753 553 2817 Voss.
569 2757 599 2817 1.
624 2731 658 2820 οι)
680 2753 709 2817 δ’
728 2747 913 2832 ὦΛιογεοὲ,1
928 2761 1055 2837 κράτος,
1076 2759 1130 2821 κοιλ
1142 2763 1213 2840 κρά-

203 2895 255 2944 τος
275 2868 465 2953 φιλόμαχον,
488 2873 556 2949 ἤτοι
580 2861 605 2932 ὦ
625 2870 782 2952 Ἀθηνᾶ,
807 2873 867 2932 θεολ
885 2870 1070 2954 φιλοπόλομε
1086 2871 1114 2958 1)
1135 2873 1215 2947 ἕςιδε

203 2991 305 3052 τοῦτο.
349 2990 575 3068 Παράφρασις,
607 2992 629 3066 ἡ
659 2986 721 3050 ἀπὸ
757 2991 812 3053 τοῦ
842 2989 918 3060 Διὸς
943 2996 1142 3072 γεονηθεῖσα·
1180 2995 1213 3054 ἐκ

204 3107 264 3187 γὰρ
284 3108 337 3182 τῆς
365 3105 418 3164 τοῦ
436 3104 511 3173 Διὸς
534 3099 669 3183 κεφαλῆς
693 3105 849 3186 ἐγεννήθη
870 3112 892 3185 η’
915 3107 1061 3188 Ἀθηνᾶ.
1109 3111 1213 3182 feroit

205 3215 377 3303 ῥυσίπολις]
403 3225 472 3300 ἦτοι
492 3218 648 3302 ῥυσαμένη
670 3218 773 3307 (Voss.
796 3222 828 3285 2.
852 3219 954 3305 ῥῦσαι)
980 3227 1038 3302 τὴν
1050 3221 1144 3290 πόλιν
1159 3229 1214 3304 τὴν

203 3339 355 3422 ἡμετέροιο
378 3337 442 3400 αόὀ
464 3339 527 3401 τῶν
548 3340 683 3422 ἐχθρῶν.
724 3337 834 3402 Verba
858 3337 937 3411 ἕςιλε
963 3344 1053 3404 τοῦτο
1076 3363 1094 3404 a
1116 3341 1215 3405 libra-

203 3455 275 3530 rio,
300 3455 357 3538 qui
381 3453 470 3535 prius
495 3453 575 3527 illud
595 3453 738 3518 scholion
758 3455 910 3535 supplere
924 3457 1035 3530 vellet,
1060 3458 1214 3522 memori-

203 3585 254 3637 ter
290 3571 414 3634 adiecta
447 3581 539 3651 puto.
586 3567 625 3630 In
647 3567 737 3634 Voss
763 3568 795 3632 2.
820 3571 901 3634 haec
919 3570 1095 3650 coniuncta
1115 3585 1147 3637 et
1170 3575 1216 3643 sio

203 3701 331 3752 mutata
360 3698 456 3763 sunt,
492 3700 529 3748 ut
563 3705 694 3768 prorsus
730 3707 807 3748 cum
840 3687 978 3772 vulgatis
1011 3690 1214 3772 conspirent,

203 3801 327 3871 omissis
359 3801 464 3864 verbis
481 3805 546 3888 ικοιλ
573 3806 699 3888 κράτος,
723 3806 800 3878 θεὰ,
825 3803 904 3877 ibatis
927 3841 971 3854 -
995 3813 1237 3893 παράφροοις,’

210 3973 427 3987 μ-...ι--ψ--η

238 4071 263 4138 1)
296 4073 339 4120 lis.
357 4065 560 4138 Φιλοπολέμοο.
582 4111 584 4117 t
