2988 5020
783 416 827 478 80

287 634 346 686 ett.
380 619 475 704 Pero.
512 621 588 686 2³6.
621 619 804 706 φιρὰοοτιὸις
837 625 941 699 οάγαι.
987 617 1051 684 Sed
1077 618 1141 684 ulie
1173 620 1208 684 in
1240 623 1303 688 hoc

287 741 359 803 ioco
381 741 460 802 lutet
480 738 666 812 difficultas.
702 757 804 822 quam
829 736 1021 818 interpretes
1041 735 1200 802 intectum
1228 738 1301 802 reii-

287 868 442 938 querunt.
488 852 619 922 Schutz.
645 853 744 919 vertit
764 864 889 940 ceptem
915 852 1014 917 ἀιιοοο
1037 856 1225 930 semitm,
1249 855 1301 919 cui

287 984 376 1036 recte
400 971 589 1056 obloquitur
607 970 741 1045 ulomf„
765 992 900 1036 monent
924 971 1072 1056 ἀγήιορις
1089 991 1154 1036 eece
1162 970 1300 1058 fortae

288 1090 376 1154 idem
399 1089 433 1152 in
452 1087 633 1160 Addendis.
657 1089 854 1152 constructio
873 1100 938 1162 eet,
962 1088 1085 1172 inquit,
1108 1091 1189 1152 ἑπτὰ
1208 1088 1299 1169 δ’ἀγ.

288 1212 442 1290 στρατοῦ,
477 1204 570 1290 πρέιι.
608 1204 674 1289 δορ.
709 1207 801 1284 οάγ.”
847 1195 976 1269 Vellem
999 1205 1300 1287 intemretetiouem

288 1325 479 1399 addidisset,
502 1343 580 1386 num
607 1321 686 1406 quid
704 1321 868 1406 significet
888 1323 1037 1407 ἀγήνορες
1057 1327 1214 1408 στρατοῦ,
1232 1341 1301 1387 non

229 1461 234 1487 t
289 1441 446 1526 intelligo.
468 1438 616 1504 Fortasse
634 1437 866 1503 scribendum:

478 1559 558 1620 ἑπτά
578 1554 606 1621 δ’
626 1559 775 1638 ἇγήτορες
791 1554 962 1639 πρ1ποντες
987 1559 1119 1639 στρατοῦ

478 1670 636 1756 δορυσόοις
656 1677 767 1751 οάγαις
788 1707 833 1720 -

288 1787 342 1854 Sic
364 1791 431 1853 duo
453 1788 563 1854 cretici
586 1788 776 1857 dochmium
796 1793 1006 1872 praecedunt.
1031 1789 1093 1864 Cf,
1107 1791 1194 1854 infra
1221 1791 1300 1865 188,

289 1906 388 1970 Eum.
409 1908 495 1981 258,
526 1919 559 1970 et
585 1909 627 1971 el.
671 1903 871 1989 Πρίποιιις,
898 1909 1098 1993 conspicui,
1129 1927 1207 1970 oum
1236 1907 1300 1989 δορ.

288 2013 359 2103 οάγ.
382 2036 430 2088 est
449 2023 726 2110 coniungendum.
753 1997 910 2106 ChoephJ
932 2027 985 2089 11.
1007 2029 1154 2106 ὁμήγυρις
1175 2030 1301 2108 φάριοιρ

283 2140 689 2227 ·μιλιιγχ1μοιςπρέποοοοι,
714 2138 829 2224 Suppi.
855 2141 939 2214 700,
964 2139 1129 2208 Wunder.
1151 2137 1301 2222 udSoph.

290 2259 341 2323 El.
370 2261 447 2323 651.
493 2264 638 2343 Στρατοῦ
666 2270 777 2322 autem
805 2277 888 2343 uum
913 2278 990 2321 cum
1023 2257 1196 2342 πρέποντες
1224 2277 1301 2322 con-

288 2373 370 2440 strui
394 2375 489 2457 poeoit
511 2395 549 2438 eo
571 2377 686 2447 modo,
717 2393 784 2458 quo
804 2375 908 2438 uoluit
931 2371 1039 2438 Schol.
1062 2373 1153 2438 Voce.
1180 2378 1208 2438 1.
1233 2381 1301 2457 ήιοι

289 2490 490 2574 ὑπερέχοντος
522 2495 576 2554 τοῦ
610 2495 741 2580 στρατοῦ
773 2491 837 2554 τῶν
871 2490 1047 2573 ’Λργιὶοον,
1079 2490 1219 2554 dubium
1255 2491 1301 2554 vi-

289 2607 358 2671 deri
395 2619 509 2689 potest.
537 2643 583 2658 -
618 2606 725 2670 Erunt
754 2608 904 2681 fortasse,
942 2607 1060 2690 quibus
1092 2629 1170 2672 cum
1196 2608 1301 2678 Well.

289 2726 323 2789 in
349 2725 427 2789 Lex.
452 2725 620 2808 ἀγήνορος,
654 2722 696 2786 ub
723 2727 793 2802 ἄγοι
815 2725 970 2798 ductum,
1002 2722 1101 2788 ἀιιοιι
1122 2725 1303 2809 siguificare

290 2840 448 2905 videatur.
493 2837 557 2904 Sed
592 2839 769 2903 istiusmodi
803 2838 884 2922 quid
908 2838 969 2903 eibi
994 2841 1195 2926 Aeschylum
1228 2861 1301 2924 peu·

291 2957 426 3031 misisse,
453 2955 534 3018 mihi
569 2957 760 3038 persuadere
796 2976 863 3019 nou
889 2959 1030 3038 possum.
1077 2957 1170 3021 Licet
1195 2959 1300 3022 omui·

289 3096 333 3139 uo
371 3078 484 3158 poetae
519 3093 604 3136 nova
635 3071 807 3136 vocabula.
835 3075 1000 3148 formare,
1045 3073 1160 3138 usitata
1201 3075 1299 3138 etiem

289 3215 373 3258 nova
402 3191 634 3278 significatione
669 3210 806 3273 ponere,
843 3191 898 3254 ted
925 3191 988 3254 hoc
1022 3190 1058 3254 iis
1092 3197 1223 3256 tuntum
1252 3195 1299 3255 lor

289 3311 333 3376 cio
360 3310 433 3376 fieri
456 3311 568 3386 debet,
593 3309 654 3372 ubi
679 3308 757 3393 quid
779 3305 962 3394 significare
985 3304 1081 3384 velit,
1110 3309 1219 3372 statim
1243 3330 1299 3372 eu-

288 3426 388 3491 dienti
421 3427 534 3510 liquet.
578 3424 692 3509 Neque
720 3437 836 3489 contra
865 3425 897 3489 id
926 3425 1011 3489 velot
1041 3423 1131 3490 Pera.
1155 3447 1201 3492 ut.
1222 3427 1298 3491 963.

288 3547 419 3632 ἀγρόται
445 3548 591 3628 στρατοῦ,
622 3545 711 3626 quod
733 3542 893 3628 significet
915 3540 1013 3606 duces
1036 3546 1223 3618 coercitus,
1248 3557 1300 3606 ut-

224 3737 228 3744 ,
289 3675 365 3744 pote
397 3673 601 3746 corruptum.
647 3658 818 3723 Vocabulo
847 3659 975 3741 ἐφέτης,
1009 3661 1098 3742 quod
1118 3659 1163 3724 ib.
1189 3681 1218 3723 v.
1245 3660 1298 3724 79.

289 3776 427 3863 legitur,
452 3775 531 3858 quid
554 3785 702 3848 notetur,
737 3773 862 3836 nemini
893 3775 1069 3838 obscurum
1095 3797 1159 3838 eece
1185 3789 1299 3857 potest.

288 3892 350 3960 Hic
370 3892 395 3956 ti
417 3902 525 3956 noster
543 3891 689 3954 consulto
717 3888 853 3952 obscure
885 3889 978 3974 loqui
1005 3892 1170 3968 voluisset,
1193 3890 1299 3975 aptius

289 4007 485 4074 vocabulum
510 4006 627 4090 eligere
657 4021 722 4068 non
744 4005 907 4088 potuisset.
954 4003 1068 4072 Solum
1089 4010 1300 4090 exemplum,
