3050 5034
733 449 752 508 5

243 651 388 732 νεμόμεθ’
408 648 587 732 ἀδάματον,
609 649 794 732 Δοσμενέων
809 648 935 736 δ’ὄχλον
947 652 1062 734 πύργος
1076 647 1252 730 ἀποστέγει,

241 762 300 828 ubi
320 785 426 849 quum
449 766 503 832 daei
526 768 611 832 θεῶν
628 764 728 830 etism
749 768 788 832 nd
811 766 976 848 ἀποστέγει
993 764 1165 849 pertineat,
1187 785 1253 832 non

241 881 365 958 mirer,
398 882 423 946 si
456 883 713 966 quispraeserut
744 883 794 956 τές
816 887 871 948 sed
904 897 1116 966 opponuntur
1144 882 1254 947 civitas

155 1043 157 1048 ,
242 1009 274 1062 et
306 999 421 1062 hostes.
452 996 543 1062 Infra
572 1022 603 1063 v.
631 1000 706 1062 125.
732 1001 764 1064 τί
795 1000 867 1063 ποτ’
901 993 945 1064 αὖ
971 1001 1144 1080 κινάθισμα
1172 995 1255 1063 κλύω

239 1113 349 1188 Πέλας
368 1117 507 1194 ulsinum
529 1119 627 1201 αἰθὴρ
651 1113 832 1201 δ’ἔλαφραῒς
856 1122 1026 1201 Πτιρυγων
1049 1119 1154 1198 ῥιπαῖς
1176 1118 1253 1180 ὑπο-

241 1231 372 1316 συρίζει,
395 1245 608 1314 opponuntur
629 1236 757 1296 alarum
772 1233 917 1315 aerisque
934 1231 1053 1296 vibrati
1064 1232 1254 1332 sonitus-

241 1344 355 1430 Neque
379 1349 540 1413 offendere
566 1347 662 1414 debet
684 1351 749 1413 hoe
773 1353 845 1414 loco
871 1348 905 1413 δὲ
929 1349 1052 1431 saepius
1076 1348 1253 1431 repetitum

243 1483 318 1528 esse.
365 1461 418 1528 Cf.
441 1464 465 1526 si
492 1465 572 1527 tanti
593 1478 657 1540 est,
680 1463 769 1548 Sept.
792 1466 878 1542 443,
898 1465 961 1550 Ag.
994 1464 1076 1540 438,
1104 1461 1254 1547 Choeph.

237 1581 332 1656 133,
366 1581 449 1645 934.
475 1579 515 1644 Il.
540 1579 567 1644 1.
593 1583 647 1646 43.
692 1580 808 1645 Sensus
832 1593 943 1645 eutem
969 1579 1109 1644 hicest:
1132 1581 1255 1645 dolori·
1351 1624 1357 1634 -

177 1745 179 1754 .
241 1696 302 1760 hus
324 1697 461 1782 agitatus
481 1697 623 1761 interdiu
647 1698 792 1780 optabis,
829 1711 867 1762 ut
893 1720 959 1763 nox
986 1700 1094 1762 lucem
1120 1697 1253 1762 abscon·

242 1815 317 1888 dat,
350 1824 450 1877 noctu
473 1825 510 1877 ut
529 1816 575 1877 sol
596 1814 750 1896 pruinam
774 1815 938 1897 dispellut,
968 1815 989 1878 i.
1011 1835 1040 1879 e.
1062 1815 1126 1879 dies
1151 1835 1253 1899 aeque

242 1949 281 1993 οο
318 1942 427 1994 noctes
460 1928 521 1993 tibi
556 1930 772 1995 intolerabiles
803 1944 910 1996 erunt.
970 1929 1026 1995 His
1061 1931 1254 2017 contiguum
1312 1981 1313 1984 ¹

242 2047 291 2112 a’sl
321 2044 356 2110 δὲ
387 2068 454 2111 non
487 2060 611 2130 spectat
641 2069 865 2135 praegressum
891 2058 993 2112 ποοθα
1017 2061 1049 2113 et
1076 2049 1253 2128 interdiu,

242 2163 297 2227 sed
318 2160 439 2226 indicat
461 2162 711 2226 diuturnitatem
735 2165 916 2242 cruciatus;
935 2167 1038 2258 vquod
1060 2179 1195 2247 apparet
1217 2186 1256 2228 ex

241 2280 299 2357 iis,
324 2300 407 2363 quae
426 2279 644 2344 subiiciuntur
670 2279 856 2362 όλιοφήσοιν
881 2283 954 2366 γὰρ
980 2281 1016 2345 οὐ
1041 2280 1161 2363 πίφνκέ
1184 2307 1255 2362 πω,

243 2418 263 2462 u
295 2392 524 2461 Schoemnnno
552 2397 675 2480 optime
707 2397 752 2462 siu
777 2398 953 2479 explicata:
989 2419 1068 2461 nam
1094 2398 1141 2462 his
1163 2399 1256 2463 malis

243 2513 301 2598 qui
333 2527 364 2578 te
396 2514 511 2578 liberet
548 2514 586 2603 (si
620 2526 732 2580 tamen
764 2515 826 2579 erit
849 2497 997 2602 uliquis,)
1031 2535 1131 2578 nemo
1148 2516 1255 2579 adhuc

242 2643 338 2695 natus
362 2642 418 2696 est.

288 2749 343 2814 30.
365 2745 475 2832 Πέραν
507 2746 615 2832 δίκης,
639 2749 728 2832 quod
759 2747 837 2833 legit
861 2746 958 2812 Schol
986 2747 1031 2822 B,
1066 2747 1256 2830 improban-

243 2865 325 2928 dum
353 2877 413 2928 est·
456 2861 557 2928 Sensu
582 2868 736 2928 translato
759 2865 860 2949 πέρα,
888 2885 955 2928 non
973 2865 1095 2950 πέραν,
1119 2885 1255 2949 usurpa-

243 2993 318 3044 tum
343 2980 479 3044 videtur.
506 2981 550 3045 cf.
571 2980 685 3045 Herm.
709 2984 749 3045 nd
769 2981 870 3066 Soph.
894 2979 936 3048 Ο.
958 2981 997 3049 C.
1019 2984 1097 3047 885.

291 3097 345 3162 49.
368 3094 518 3162 “Απαντ’
545 3099 688 3183 ἐπράχθη
708 3097 791 3180 πλὴν
819 3106 920 3164 θεοῖσι
948 3105 1116 3185 κοιρανεῖν.
1146 3097 1256 3167 Schol.

244 3212 287 3278 Δ.
311 3212 395 3286 τινές
416 3234 512 3294 φασιν
531 3214 625 3277 οὕτω·
641 3219 749 3279 πάντα
768 3218 801 3279 ἐκ
819 3220 936 3300 μοιρῶν
955 3215 1081 3280 δέδοται
1093 3223 1158 3289 τοῖς
1170 3221 1257 3290 θεοῖς

243 3329 328 3413 πλὴν
353 3338 407 3394 τοῦ
426 3333 546 3414 ἄρχειν.
571 3329 631 3393 Illo
655 3334 739 3404 τινὲς
760 3335 859 3417 vulgo
875 3331 1101 3416 intelliguntur
1117 3333 1258 3417 antiqui·

244 3468 313 3513 ores
332 3448 542 3528 interpretes,
567 3467 667 3530 quos,
693 3459 731 3510 ut
762 3447 939 3512 Abreschio
967 3449 1073 3512 visum
1101 3449 1147 3536 (p.
1181 3447 1256 3534 10),

244 3567 393 3648 ἐπράθη,
430 3565 574 3628 formam
604 3584 768 3649 nusquam
806 3563 936 3629 obviam
962 3585 1023 3647 pro
1054 3565 1257 3649 πεπρωμένον

157 3760 160 3765 Γ
245 3685 308 3746 ἐστὶ
330 3679 458 3768 legisse,
484 3681 538 3745 vix
562 3681 715 3745 credibile
737 3695 793 3747 est.
824 3682 916 3747 Voss.
943 3683 974 3747 1.
998 3693 1072 3764 post
1098 3685 1256 3747 nonnulla

244 3798 345 3864 verba
365 3799 487 3881 partim
509 3810 666 3865 vetustate
688 3802 792 3864 deleta
816 3800 931 3864 habet:
961 3805 1106 3878 ἅπαντα,
1143 3804 1255 3884 φησὶν,

245 3918 424 4000 ἐτάχθησαν
447 3918 502 3981 καὶ
523 3920 705 4002 ώρίσθησαν
733 3920 795 3982 ὑπὸ
824 3921 887 3984 τῶν
915 3922 1049 4003 μοιρῶν,
1086 3916 1169 4000 πλὴν
1202 3928 1256 3984 τοῦ

245 4039 403 4120 κοιρανεῖν
437 4037 501 4100 τῶν
532 4039 643 4114 θεῶν,
663 4040 762 4118 ἤγουν
783 4039 895 4122 ἄρχειν
917 4036 1034 4103 αὐτῶν.
1086 4033 1258 4102 Manifesto
