3050 5034
768 389 808 452 ll

277 593 318 658 In
340 593 494 662 diverbiie
520 605 596 660 vero
619 605 652 660 et
676 595 812 662 omnino
833 595 868 658 in
887 593 1037 660 sedatiori
1059 600 1209 676 sermone
1226 599 1289 662 hoc

276 711 380 776 rarius
399 725 463 792 ert,
490 733 596 800 neque
623 713 755 780 auribus
776 725 920 801 gratum.
965 711 1084 779 Veraua
1115 717 1167 780 ll.
1190 737 1289 800 cupra

277 828 507 914 φιλανθρώπου
527 829 561 894 δὲ
584 833 742 894 παύεσθαι
755 834 872 915 τρόπου
887 827 916 914 ¹)
944 851 1046 914 aeque
1067 851 1185 914 parum
1208 834 1289 898 mihi

277 947 404 1029 placet,
429 959 527 1032 atque
546 944 779 1010 Horatianum:
804 949 905 1012 tertie
926 969 1084 1012 macrum
1102 952 1289 1014 sententia·

277 1081 359 1126 rum
384 1063 549 1152 (μαρτυρεῖ
567 1062 602 1128 δέ
623 1087 675 1145 μοι
701 1061 836 1151 γνώμῃ).
881 1063 945 1129 Sed
973 1067 1095 1138 fateor,
1125 1066 1287 1132 difficilem

276 1201 349 1244 rem
381 1201 447 1246 ease
478 1194 577 1266 atque
607 1179 768 1246 lubricam
802 1182 882 1245 haec
912 1182 954 1246 ad
983 1194 1132 1246 acetrum
1157 1203 1287 1247 aeneum

277 1299 420 1384 exigere,
443 1319 551 1382 neque
571 1298 724 1364 omnibus
742 1296 793 1362 hie
818 1298 851 1362 in
874 1297 971 1362 rebus
989 1298 1076 1364 idem
1095 1299 1265 1382 probatur.

325 1417 399 1481 170.
423 1417 539 1492 Διῒξαι
562 1418 598 1480 τὸ
622 1415 695 1482 νέον
717 1414 873 1503 βούλευμ’,
903 1417 973 1481 rell.
997 1416 1043 1479 cic
1065 1417 1288 1499 explicantur:

277 1532 379 1609 δεῖξαι
403 1534 489 1618 αὐτῷ
513 1536 568 1599 τόν
601 1536 655 1614 ὑφ’
677 1521 716 1597 οὖ
735 1534 980 1617 ἀφαιρεθήσεται
1005 1538 1063 1614 τὴν
1086 1532 1289 1621 βουλευτικὴν

276 1652 448 1734 πρόνοιαν,
472 1653 531 1731 τὴν
555 1650 720 1726 ἐξουσίαι,
744 1652 800 1724 τοὶ,ἱ
823 1656 925 1732 τιμάς.
971 1650 1012 1714 ln
1030 1650 1079 1715 hia
1103 1650 1175 1718 νέοι
1199 1652 1289 1716 inex-

276 1767 436 1850 plicatum
458 1779 574 1847 nanet,
597 1765 751 1854 βούλιομα
770 1767 970 1831 construitur
987 1751 1064 1832 cum
1081 1767 1291 1834 ἀποσυλᾶται.

276 1883 352 1952 Una
387 1883 515 1948 literula
548 1884 740 1968 transposita
772 1896 942 1967 pepererat
976 1904 1042 1948 nnn
1072 1905 1138 1948 unc
1158 1887 1291 1950 nomine

168 2005 171 2010 '
276 2001 426 2066 vitiosam
457 2001 647 2066 lectionem:
683 2004 739 2068 τὸν
763 1999 1006 2090 (procoeton),
1031 2005 1083 2068 nn
1107 2001 1195 2091 pon.
1240 2000 1289 2066 Si-

276 2119 399 2184 militer
427 2118 513 2184 Pers.
535 2141 567 2186 v.
594 2121 654 2196 13,
679 2119 816 2205 legitur:

466 2243 554 2302 πᾶσα
573 2241 633 2319 γὰρ
659 2239 742 2322 inple
762 2236 993 2318 Ἀσιατογενὴς

465 2356 582 2440 cismar·
608 2353 681 2419 νέον
705 2353 839 2439 δ’ἄοδρα
859 2356 981 2442 βαΰζει.

277 2468 386 2536 Schol.
417 2471 458 2536 Α.
491 2477 642 2556 γράφεται
667 2471 702 2536 δὲ
725 2474 779 2536 καὶ
800 2476 871 2558 ἑὸν,
896 2479 965 2556 ἤτοι
994 2476 1048 2540 τὸν
1072 2473 1156 2540 ἰ’ᾶιον
1175 2475 1290 2560 ἄνδρα.

158 2665 161 2676 y
272 2581 317 2652 lu
346 2590 478 2675 vulgata
511 2589 681 2674 quaeritur
703 2590 870 2672 primum,
902 2591 981 2674 quid
1005 2590 1046 2654 sit
1071 2594 1212 2678 βαοζιιο.
1257 2589 1291 2656 Si

194 2739 197 2746 ·
276 2727 355 2770 cum
387 2704 538 2772 Paccovio
568 2706 789 2790 interpretaris
822 2729 900 2772 cum
922 2707 1072 2772 clamore
1094 2708 1291 2786 desiderat,

277 2823 340 2886 hoc
365 2823 449 2886 dicet
473 2825 605 2887 chorus:
630 2823 710 2889 abiit
734 2825 790 2910 (cf.
812 2845 844 2889 v.
865 2823 936 2914 60.)
960 2825 1062 2890 robur
1083 2825 1198 2906 Asiae,
1233 2848 1291 2892 nm

277 2961 424 3024 rumque
462 2941 665 3016 exercitum,
700 2943 806 3006 deleto
841 2942 970 3025 priore,
1003 2945 1137 3026 expetit.
1195 2913 1292 3028 Quoil
1346 3011 1351 3020 ,

278 3072 392 3124 contra
411 3067 541 3123 sensum
563 3071 625 3135 eat,
649 3080 755 3144 quum
776 3060 939 3124 nihildum
957 3061 1037 3124 certi
1055 3063 1094 3125 de
1115 3063 1290 3144 expeditie

275 3198 318 3240 ne
343 3177 512 3260 accepisset
536 3179 673 3257 chorus,
710 3198 816 3261 neque
836 3178 973 3242 nuncius
998 3179 1094 3242 cladis
1114 3175 1291 3244 advenisset

277 3293 335 3382 (ef.
361 3315 390 3358 v.
415 3293 482 3380 14).
507 3293 539 3359 Si
563 3296 692 3383 βαΰζον
707 3283 770 3358 ¹hic
791 3315 921 3359 censum
940 3296 1088 3377 plorandi
1109 3296 1219 3372 habet,
1239 3299 1290 3362 vel

275 3411 459 3477 subiectum
481 3434 499 3476 e
520 3413 784 3495 praecedentibus
805 3412 876 3477 elici
894 3414 1006 3487 debet,
1031 3435 1060 3477 e.
1085 3435 1118 3498 g.
1166 3415 1287 3490 Ἀσία,

275 3531 366 3614 quod
388 3551 550 3613 perquam
576 3533 698 3594 durum
718 3544 782 3608 eat3
806 3534 858 3595 vel
880 3534 980 3612 θυμὸς
1000 3531 1067 3593 huc
1078 3533 1290 3594 referendum

276 3661 322 3712 est
345 3669 364 3710 e
388 3670 421 3713 v.
449 3650 508 3722 11,
532 3659 570 3710 ut
591 3654 678 3712 πᾶσα
698 3650 878 3734 γὰρ-ᾤχωκε
901 3669 961 3732 per
979 3648 1185 3730 parenthesin
1205 3648 1292 3714 dicta

310 3908 333 3970 l)
367 3887 451 3958 Sehcl.
476 3908 503 3957 ll.
531 3908 565 3958 ibi
590 3913 709 3959 annctut:
736 3903 848 3976 δριμεῖα
868 3899 969 3978 λέξις,
989 3911 1032 3962 aed
1049 3889 1188 3975 incertum,
1206 3915 1291 3962 utrum

275 4003 324 4054 Ιιοσ
341 4003 372 4052 ad
389 4004 537 4054 sententiam
554 4019 586 4052 un
603 4005 634 4052 ad
652 4007 726 4055 rerba
743 3988 875 4070 pertineat.
890 4029 892 4031 ·
