2988 5020
761 423 824 486 tto

295 627 443 694 similiter
466 637 505 692 ut
524 625 641 714 Agens.
667 629 773 706 1120,
796 626 911 695 Aesch.
938 625 1054 712 Suppl.
1077 631 1161 707 808;
1188 629 1313 696 Phoco.

296 747 374 810 941.
420 744 540 832 Κάδμῳ
556 745 613 833 (sic
624 743 780 812 Valcken.
793 767 854 830 pro
865 743 1012 832 Κάδμου)
1027 745 1175 813 παλαιῶν
1188 747 1313 830 ’Ἀριος

296 867 331 928 ἐκ
363 867 565 947 μηνιμάτων,
595 865 680 928 infre
712 865 789 930 981.
825 862 913 950 δορός
946 889 981 945 ys
1014 863 1089 949 τῷδ’
1123 865 1314 950 ἀντηρέτας.

296 983 423 1066 ltaque,
446 996 485 1047 ut
509 984 640 1068 redeam
664 985 750 1048 unde
776 982 934 1072 digressus
954 1003 1042 1063 sum,
1065 995 1202 1066 apparet
1226 995 1315 1046 recte

298 1101 364 1166 dici
387 1098 591 1186 διαλλακτῆρι
615 1101 773 1183 α’μιμφία,
796 1100 878 1166 item
903 1101 1049 1166 dativum
1073 1115 1107 1166 et
1128 1101 1314 1186 genitivum

299 1218 407 1284 eidem
428 1218 556 1284 nomini
582 1239 670 1302 posse
689 1219 799 1306 iungi,
821 1221 877 1284 sed
893 1219 1059 1301 duplicem
1082 1218 1232 1284 dativum
1250 1239 1315 1282 esse

298 1335 495 1403 inauditum.
549 1335 661 1422 Neque
693 1337 760 1402 eius
794 1339 841 1402 rei
875 1359 969 1402 causa
1000 1338 1097 1414 latet3
1134 1335 1315 1400 istiusmodi

301 1455 390 1520 enim
415 1454 612 1522 constructio
636 1477 764 1540 semper
785 1457 853 1520 sere
877 1453 1034 1540 nsitbigua
1055 1455 1156 1532 soret3
1186 1453 1232 1518 sic
1255 1474 1316 1518 no·

299 1585 368 1638 stro
392 1575 464 1638 loco
482 1593 589 1638 sensus
613 1593 718 1658 aeque
740 1594 805 1638 esse
828 1573 927 1656 possit
950 1570 1179 1654 όδιαλλακτὴρ
1199 1571 1316 1654 μέμφε-

300 1715 354 1754 ται
376 1697 442 1763 τοῖς
472 1688 593 1772 φίλοις,
625 1702 724 1772 etque
744 1694 775 1753 οἱ
803 1688 887 1772 φίλοι
915 1689 1091 1771 μέμφονται
1110 1695 1156 1774 τῷ
1181 1687 1312 1754 διαλλα-

300 1812 399 1889 κτῆρι.
446 1805 524 1870 Loci
556 1805 758 1870 intellectum
791 1809 928 1888 paulum
964 1806 1165 1883 lucebimus,
1203 1806 1314 1872 distin-

300 1923 407 1989 ctione
432 1935 508 1988 ante
528 1920 631 2004 φίλοις
655 1923 773 2006 posita;
798 1923 1011 1988 nihilominus
1035 1935 1147 1988 temen
1172 1924 1213 1987 de
1235 1923 1313 1988 scri-

300 2053 400 2124 pture
421 2040 547 2106 dubito.
593 2039 811 2106 Grotefendus
840 2042 862 2104 l.
885 2043 907 2105 Ι.
942 2041 1031 2104 dedit
1054 2038 1259 2138 βιαλλοιιιτῆρι
1282 2039 1311 2104 δ’

301 2159 358 2224 οὐκ
381 2160 516 2242 ἀμεμφεῖ
534 2158 611 2246 παρ’
640 2156 742 2240 φίλοις
763 2157 831 2224 οὐδ’
853 2161 1007 2244 ἐπιχάριτ’
1033 2157 1156 2243 Ἆρα,
1186 2158 1222 2221 in
1247 2177 1312 2241 quo

299 2297 367 2340 non
389 2275 522 2358 probari
547 2288 652 2359 potest
677 2274 743 2340 iota
765 2275 864 2340 dativi
889 2276 1017 2342 elisum.

348 2395 426 2458 905.
450 2393 542 2458 Voss,
567 2395 606 2455 2:
639 2399 725 2476 πάρα
758 2393 787 2457 δ’
810 2390 921 2478 eineis]
959 2399 1107 2478 πάρεστιν
1133 2397 1232 2460 eineis
1263 2391 1312 2456 ἐπ’

303 2509 486 2592 ἀμφοτέρων
518 2514 572 2574 τοῦ
601 2509 630 2572 τ’
654 2507 857 2584 Ἐτεοκλέους
883 2513 936 2574 καί
968 2515 1023 2576 τοῦ
1044 2509 1257 2584 Πολυνείκους
1280 2513 1314 2574 τὸ

301 2627 405 2704 ἄναξ,
438 2629 481 2700 ὠς
510 2629 565 2692 τοῦ
595 2626 653 2708 μὲν
684 2624 853 2713 βασιλικῶς
879 2629 935 2692 τὸν
966 2625 1102 2709 ἀδελφὸν
1127 2627 1313 2715 ἐκβαλόντος

305 2727 388 2832 (MS.
413 2739 576 2832 expett),
600 2747 655 2808 τοῦ
682 2743 715 2808 δὲ
739 2742 909 2830 βασιλικῶς
933 2745 1242 2829 ἐπιστρατεύσαντος,
1265 2746 1325 2810 δτι-

303 2861 408 2927 κτολλολ
432 2866 515 2925 κακὰ
538 2861 680 2946 ἔπραξαν
702 2868 767 2936 τοῖς
794 2859 940 2936 πολίταις
962 2866 1017 2927 καί
1049 2870 1114 2936 τοῖς
1139 2863 1313 2947 Ἀργείοις.

304 2979 462 3062 Ineptum
494 2980 558 3043 hoc
579 2977 745 3055 scholion,
780 2981 868 3064 quod
898 2979 934 3043 in
963 2979 1053 3045 Voss.
1080 2982 1109 3044 1.
1133 2980 1314 3054 omittitur,

301 3097 489 3164 recentioris
512 3109 559 3186 est
583 3096 724 3183 originis.
771 3097 824 3163 Ab
859 3098 974 3162 eodem
999 3097 1057 3182 qui
1082 3099 1147 3162 hoc
1169 3098 1315 3180 scripsit,

303 3215 504 3282 vocobulum
531 3217 616 3292 ἄναξ
638 3214 673 3278 in
704 3226 795 3280 textu
828 3215 869 3278 ed
901 3218 1000 3280 εἰπεῖν
1025 3214 1226 3297 adscriptum
1250 3227 1311 3292 σοις

303 3333 388 3409 ἄναξ
411 3333 496 3398 istud
520 3332 575 3397 hic
603 3331 797 3418 cogitatione
822 3353 840 3395 e
863 3332 1068 3413 praecedenti
1090 3331 1242 3398 ἀνάκτοιν
1265 3352 1316 3396 re·

305 3453 486 3542 petendum
517 3447 673 3532 putabat,
707 3468 814 3533 neque
838 3445 1041 3534 intelligebat
1065 3450 1107 3522 ὡς
1130 3470 1175 3514 vs.
1198 3469 1247 3532 sq.
1272 3447 1315 3512 ab

303 3573 402 3636 ιίπιῖν
431 3569 584 3654 pendere.
630 3565 708 3630 Post
736 3564 899 3631 ἀθλίοισιν
921 3565 1033 3630 minor
1048 3564 1222 3634 ,distinctio
1251 3585 1316 3648 po·

303 3688 430 3763 nenda;
478 3684 597 3768 prioris
637 3681 833 3746 hemichorii
865 3683 1024 3766 sententia
1057 3683 1099 3748 ab
1134 3685 1236 3746 altero
1265 3704 1314 3747 se-

305 3800 480 3888 quentibus
503 3799 610 3864 verbis
634 3797 823 3863 absolvitur.
869 3797 954 3864 Nam
975 3799 1150 3884 quominus
1172 3808 1316 3884 quatuor

305 3919 474 3988 continuos
496 3935 604 3983 versus
638 3915 813 4008 (905-908)
848 3916 890 3982 eb
914 3917 1026 3982 iisdem
1049 3917 1211 3982 choreutis
1235 3937 1319 4000 prof.

304 4037 385 4106 sessi
411 4049 544 4122 putem,
568 4034 722 4121 prohibet
743 4035 898 4118 stropha,
923 4035 963 4126 io
979 4053 1044 4122 que
1067 4045 1196 4119 prester
1218 4036 1319 4124 metri
