3050 5034
736 457 782 472 -

251 627 340 692 ciersti
369 628 465 704 mihi,
504 651 577 692 uum
600 630 747 694 rationem
762 631 847 715 forte
871 632 1004 696 iuccuire
1026 653 1168 716 possem,
1201 655 1262 718 quo

235 779 355 848 ¹carias
378 779 411 840 iu
434 775 615 864 Aeschylum
639 779 913 843 animadversiones
937 783 1108 866 arpumeuti
1127 783 1261 866 quadam

245 928 446 1012 perpetuitate
469 928 689 1012 couiuuperem
704 927 790 990 uuila
806 929 908 1012 optior
924 930 1098 994 cccrcrrehot
1112 931 1264 994 scribendi
1365 918 1368 924 ¹

251 1078 404 1151 materies,
436 1098 527 1160 quem
555 1077 749 1160 antiquorum
772 1075 916 1162 Aeschyli
938 1079 1133 1161 interpretum
1157 1079 1262 1142 coriae

252 1203 405 1299 lectionem
446 1246 522 1309 quas
557 1227 585 1288 si
613 1236 750 1290 accurate
779 1248 794 1289 e
821 1225 941 1289 scholiis
972 1227 1175 1312 collepissem,
1207 1228 1260 1291 eti·

251 1378 330 1438 aussi
362 1375 442 1440 rsihil
462 1387 623 1460 praeterea
655 1378 824 1450 accederet.
856 1397 966 1460 operae
983 1378 1119 1461 pretium
1142 1399 1189 1442 me
1202 1379 1261 1464 sa·

251 1539 367 1590 alvarum
385 1527 543 1611 putabam.
591 1527 668 1589 Mor
692 1527 843 1600 intellecti,
876 1527 938 1589 uisi
968 1527 1134 1612 simplicem
1157 1529 1262 1592 corio-

249 1687 319 1738 ru'm
351 1675 506 1740 lactionum
535 1697 686 1740 recemum
711 1677 786 1740 dare
809 1677 930 1754 cellam,
969 1677 1081 1770 librum
1106 1678 1190 1764 loupo
1214 1681 1262 1742 iu-

134 1821 136 1830 ’
249 1837 327 1888 stam
351 1826 566 1888 dissertationis
587 1824 779 1909 insuperalis
800 1825 945 1890 ambitum
966 1847 1026 1890 esse
1040 1839 1261 1912 superaturum.

254 1973 356 2051 Quare
392 1975 469 2036 duas
498 1973 628 2058 fabulas
663 1996 743 2036 uuus
774 1975 950 2037 tractandos
980 1974 1058 2038 mihi
1086 1975 1194 2060 calepi,
1226 1977 1263 2040 de

249 2123 375 2207 reliquis
391 2134 499 2208 posteo
522 2124 687 2208 separatim
711 2133 840 2186 acturus.

295 2273 360 2336 Sea
381 2273 461 2336 illud
476 2275 664 2358 priusquam
688 2274 850 2358 approdicr
863 2318 871 2349 ,
885 2274 1005 2358 proiice
1031 2273 1108 2337 mihi
1130 2275 1263 2359 apeudac

249 2432 318 2484 suut
356 2419 456 2496 Viris,
504 2440 578 2504 quos
616 2421 786 2484 studiorum
811 2421 898 2484 duces
926 2420 1032 2497 habui,
1076 2419 1263 2486 Clarissimis

252 2567 506 2634 Groeuerooud
543 2580 570 2631 et
612 2567 799 2646 Visscher,
824 2592 900 2654 quos
922 2571 958 2634 de
982 2570 1263 2636 literis-Hebraicis

249 2731 277 2783 et
303 2718 440 2804 Belpicis
462 2730 639 2802 eapoueutss
662 2720 787 2793 audivi·
812 2721 997 2803 praesertim
1020 2741 1090 2784 cero
1113 2729 1263 2786 aestuma-

248 2870 372 2932 tissimis
396 2869 477 2932 Viris
496 2867 761 2946 Goudoeucro,
778 2869 955 2934 Promotori
976 2893 1051 2948 meo,
1068 2883 1095 2935 at
1109 2870 1262 2936 Karste-

249 3022 326 3098 uio,
351 3043 482 3106 quorum
520 3033 644 3105 uterque
681 3043 741 3084 riou
772 3023 872 3084 miuus
898 3022 1026 3106 publica
1058 3024 1263 3098 institutione,

249 3194 341 3256 quam
359 3173 487 3257 priuata
511 3172 713 3236 admouiiioue
734 3173 835 3234 studia
850 3191 917 3235 mea
932 3173 1037 3236 iuuare
1053 3173 1264 3256 conatibusque

239 3323 350 3407 facere
388 3323 500 3399 coluit,
539 3343 633 3406 mque
664 3323 697 3385 iu
728 3320 785 3385 hac
817 3322 1023 3386 dissertatioue
1050 3309 1263 3386 corucribsuda

249 3473 375 3536 coasilia
397 3496 454 3536 sua
476 3471 556 3536 mihi
578 3473 739 3558 deceperit.
792 3470 968 3555 Quicunque
995 3473 1029 3534 iu
1051 3471 1147 3534 simili
1169 3493 1263 3557 orpu-

248 3633 345 3712 meuto
369 3622 572 3698 laboraverit,
600 3643 653 3684 suo
677 3623 774 3705 ipsius
798 3621 933 3705 ccauplo
957 3623 1074 3684 eoloctus
1098 3622 1179 3697 sciet,
1202 3643 1264 3684 riou

249 3772 376 3856 optimos
414 3791 468 3836 uos
506 3783 675 3835 hostrorum
709 3772 896 3834 invectorum
926 3793 986 3834 esse
1009 3771 1136 3845 iudices,
1175 3791 1263 3854 saepe

249 3943 321 3986 cera
345 3922 456 3998 uideri,
482 3943 558 4006 quoe
582 3920 687 4005 aliqua
711 3922 860 3984 acuminis
883 3923 978 4006 specie
1002 3943 1032 3984 sc
1053 3903 1262 3986 comrheucleut.
1327 3971 1329 3978 Α

253 4069 319 4150 Quo
344 4071 441 4154 trapis
464 4094 510 4134 mc
524 4071 649 4155 felicem
667 4071 829 4156 praedico,
870 4073 923 4154 qui
951 4073 1063 4156 operis,
1099 4073 1262 4154 quoduam
1297 4087 1310 4093 ’
