2988 5020
665 429 727 492 103

189 629 361 718 ἐὐσχήμόνα
392 639 484 698 ποιεῖ.
530 630 634 713 “Anu
659 631 751 695 affine
774 637 817 717 τῷ
839 638 906 716 ἄρω
926 629 1089 719 signifieat
1109 637 1199 718 quod

187 761 310 835 aptum
321 764 384 828 eat;
410 751 443 813 id
466 753 507 814 ad
528 763 658 833 ternpus
677 753 817 815 relatum
839 763 885 814 est
909 751 1016 824 modo,
1040 751 1100 816 Ιιοο
1123 755 1200 838 ipro

189 880 338 953 tempore
355 867 400 950 ¹),
434 870 473 933 ad
497 869 677 945 rationem,
701 890 768 952 qua
789 869 867 953 quid
892 869 949 945 fit,
972 873 1026 933 rei
1049 892 1200 958 congru.

187 999 303 1062 enter,
338 977 527 1051 decenter(
559 986 736 1071 Utriusque
771 988 909 1051 notionis
944 988 978 1050 in
1015 988 1199 1070 compositis

187 1104 351 1168 vocabulis
383 1107 488 1168 multa
520 1117 597 1176 sunt
625 1107 786 1187 exempla.
833 1103 885 1170 cf.
907 1103 1080 1168 Homerica
1102 1111 1199 1190 ἄρτια

188 1224 296 1308 aurat
322 1222 476 1309 (nuru
492 1198 866 1312 μμμρηαμημιζν.
881 1220 1197 1309 aaatsoronngm.

187 1342 219 1402 3.
233 1341 275 1401 32
302 1340 482 1427 (Demosth.
508 1343 547 1404 de
571 1339 655 1405 Fals.
684 1341 763 1427 Lag.
788 1339 1060 1428 §255)a⁸mou1'27
1089 1341 1117 1405 δ’
1147 1345 1200 1406 εὔ-

186 1479 286 1539 κοσμα
309 1460 362 1521 καὶ
385 1463 481 1542 ἄρτια
504 1461 597 1523 πάντ’
632 1460 814 1542 ἀποφαίνει.
861 1458 1004 1525 Cursum
1028 1462 1199 1524 incitatum

186 1575 378 1640 indecorum
411 1575 562 1638 habitum
599 1595 681 1652 ease,
717 1576 855 1640 ostendit
887 1574 1012 1640 Sinten.
1041 1579 1082 1641 ad
1113 1577 1197 1642 Plut.

186 1691 300 1757 Pericl.
326 1714 354 1759 c.
381 1697 400 1756 5
426 1694 473 1776 (p.
495 1691 568 1780 79);
595 1693 821 1776 cf.'Ariatoph.
846 1692 934 1759 Nub.
956 1695 1031 1758 965.

232 1812 309 1874 376.
334 1811 383 1874 Ex
415 1810 623 1875 annotatione
657 1809 764 1875 Schol.
798 1810 838 1875 A.
869 1814 891 1876 Ι.
917 1815 955 1892 3,
990 1833 1082 1896 Sqqu
1114 1825 1198 1877 eete-

185 1945 263 1992 rum
299 1929 374 1993 satia
409 1929 566 2005 obscura,
605 1930 668 1991 hoc
702 1941 815 1991 tamen
847 1943 1003 2012 apparet,
1038 1931 1197 2014 interpre-

185 2041 254 2110 tem
279 2048 419 2130 ὁρμαίνει
443 2044 695 2129 κλύωμΙεςίεεε,
720 2047 807 2128 quod
832 2047 1067 2128 recipiendum.
1112 2046 1197 2111 Nam

185 2164 320 2228 tertium
353 2157 602 2244 comparationis
623 2166 712 2246 quod
733 2163 853 2226 dicitur
883 2176 929 2227 est
951 2164 1048 2228 ardor
1077 2175 1109 2227 et
1132 2165 1198 2229 avi·

185 2280 266 2344 ditae
290 2301 429 2365 pugnae.
476 2277 508 2343 Si
529 2278 632 2362 μίμων
654 2279 825 2356 scribitur,
850 2282 945 2362 plura
968 2281 1102 2363 quidem
1121 2295 1198 2346 aunt

167 2400 318 2474 ¹cimilia,
342 2402 397 2464 aed
418 2399 619 2482 comparatio
644 2400 752 2463 minus
776 2412 910 2464 venusta
933 2412 998 2478 ert3
1022 2399 1127 2464 maior
1151 2413 1199 2466 eet

183 2517 271 2582 enim
297 2518 372 2602 equi
398 2518 562 2582 classicum
586 2518 761 2592 audientis,
786 2537 887 2601 quam
912 2518 1133 2600 praestolantia
1151 2521 1198 2583 se·

183 2635 280 2730 recia.
327 2634 493 2699 Praeterea
525 2634 627 2717 μένων
659 2647 731 2717 post
760 2637 901 2716 ὁρμαίνει
933 2636 1049 2721 friget,
1084 2635 1197 2699 simili·

183 2770 309 2836 umque
330 2751 564 2816 vocabulorum
591 2752 726 2840 (μένων,
749 2749 848 2835 μένει)
870 2753 1038 2833 repetitio,
1062 2765 1101 2816 ut
1120 2753 1197 2817 alibi

184 2869 218 2932 in
245 2867 421 2944 trimetris,
445 2869 490 2933 sic
512 2870 670 2933 hocloco
695 2869 778 2932 mihi
804 2867 938 2953 quidem
963 2889 1124 2954 perquam
1146 2871 1196 2935 in-

183 2979 444 3070 grata'ridetur2
466 3004 572 3070 neque
596 3007 632 3050 ea
668 3007 717 3050 ree
747 2985 823 3050 alibi
852 2986 999 3052 virorum
1022 2990 1194 3053 doctorum

183 3103 356 3167 offensione
383 3101 498 3168 caruit.
544 3101 597 3167 Sic
622 3101 701 3168 Oed.
722 3101 765 3168 T.
793 3105 891 3169 1280.

296 3218 376 3285 Τάδ’
403 3224 437 3284 ἐκ
461 3219 550 3288 δυοῖν
574 3222 706 3306 ἔμ’ῥωμεν
730 3222 766 3286 οὐ
789 3226 888 3303 μόνον
912 3225 1014 3297 κακὰ,

296 3337 394 3404 Ἀλλ’
418 3337 509 3423 ἀνδρὶ
532 3343 586 3403 καὶ
608 3342 737 3420 γυναικὶ
759 3346 894 3420 συμμιγῆ
918 3343 1021 3416 κακὰ,

182 3460 387 3546 geminatum
410 3461 492 3520 κακὰ
512 3458 590 3521 ferri
615 3473 681 3520 non
698 3473 799 3539 posse,
819 3457 1037 3538 interpretum
1063 3468 1195 3522 tantum

181 3597 247 3642 non
270 3579 420 3641 omnium
444 3577 602 3640 sententia
630 3587 686 3640 ert.
733 3573 846 3658 Quum
879 3573 971 3658 α’νδρὶ
994 3576 1047 3638 καὶ
1068 3580 1194 3655 γυναικὶ

183 3702 317 3776 συμμιγῆ
336 3699 420 3760 κακά
441 3715 508 3758 non
530 3695 594 3759 rint
616 3696 702 3757 mala
718 3713 820 3777 aeque
840 3691 882 3757 ab
894 3704 1040 3780 utroque
1052 3697 1196 3783 coniuge

180 3876 398 3889 ...-.-.-.....

217 3953 242 4021 1)
275 3955 393 4004 Similiter
411 3950 513 4024 ἁρμοῖ,
539 3957 749 4018 Prom.618‚ad
768 3951 877 4026 ἃρμόζω
894 3955 1066 4017 reserandum,
1084 3969 1194 4019 quocum

180 4063 210 4101 ex
227 4055 311 4099 nostru
329 4051 415 4114 lingua
432 4051 539 4100 nontam
557 4055 639 4117 puteat
655 4052 805 4101 vocabulum
818 4067 876 4118 pur.
