2988 5020
667 445 710 507 85

176 653 236 731 do,
265 635 355 733 ¹quod
376 659 487 712 tamen
515 649 616 712 nolim
648 668 724 710 cum
746 667 930 731 praegresso
953 647 1007 731 διόι
1030 648 1061 709 in
1084 667 1190 710 unum

177 767 375 832 vocobulum
400 764 606 849 coniungere.
630 762 696 828 Pro
709 764 839 828 σίύπνων
857 777 951 826 acute
965 763 1191 828 Lachmannue

177 887 301 959 ἄπνσν;
336 880 535 963 probabilius
556 893 689 953 tamen,
714 879 860 943 librarios
880 883 957 943 dues
981 880 1123 943 eiusdem
1146 879 1192 942 si-

177 998 392 1085 gnificationis
423 1000 544 1062 formes
579 998 748 1082 ἅγριέπνων
771 1011 803 1060 et
827 997 958 1062 donner
983 1009 1191 1079 permutasse.

177 1114 250 1181 Ὅτι
284 1128 394 1180 autem
430 1135 498 1178 non
530 1115 788 1190 sollicitandon13
825 1113 946 1176 etenim
969 1113 1123 1189 locutio,
1156 1126 1193 1177 ut

179 1232 264 1307 dixi,
287 1232 426 1314 scripto:

291 1347 365 1412 Ὅτι
390 1371 424 1412 τε
451 1353 591 1429 σύριγγες
615 1345 773 1426 ἔκλαγξαν
796 1345 968 1432 ἑλίτροχοι,

293 1467 449 1530 ’manen
471 1467 500 1526 τ’
525 1465 694 1547 σέγρελπνων
717 1462 881 1547 πηδαλίων
906 1462 960 1527 διὰ

291 1585 418 1663 Στόμια
439 1586 647 1664 πυριγενετᾶν
671 1577 826 1665 χαλινῶν,

181 1699 234 1762 hic
256 1710 434 1762 senensem:
459 1697 567 1772 timui,
581 1697 691 1760 audito
704 1715 864 1760 curruum
876 1698 1024 1780 strepitu,
1043 1696 1196 1784 quodque
1247 1670 1253 1682 ’

181 1813 330 1880 modioli
361 1813 529 1879 conabant
560 1814 870 1890 recurvabatur,
895 1814 1069 1902 frenaque
1097 1816 1195 1880 liabe-

178 1911 310 1996 ‘nortem
345 1934 428 2018 igne
454 1931 725 2016 fabricatarum
762 1931 798 2018 (i.
836 1953 864 1996 e.
891 1932 1097 2018 ferrearum
1134 1933 1194 1998 int.

183 2045 364 2132 corroboret)
398 2051 566 2134 remlgiir
588 2069 752 2133 equorum
779 2069 968 2134 enumquam
993 2052 1197 2135 quiescenti·

184 2165 257 2232 bur.
302 2164 466 2246 Apertum
494 2178 558 2240 eet,
584 2164 858 2231 constructionem
882 2165 917 2227 in
940 2165 988 2230 hio
1010 2165 1195 2230 liberiorem

184 2303 264 2359 (τινες
289 2281 396 2344 dicere
421 2281 521 2364 etiam
545 2293 672 2363 poteret
695 2280 787 2346 έδεισ’
805 2282 853 2344 ὅτι
878 2285 1063 2363 extremi
1085 2281 1197 2361 ἔκλαγ-

184 2399 257 2474 ξαν.
302 2396 448 2492 Ιῑσννσασ
474 2394 533 2484 (of.
563 2398 649 2462 infru
676 2397 756 2482 924)
793 2399 947 2462 dicuntur
982 2398 1126 2462 habenae
1152 2403 1198 2464 la-

185 2514 281 2578 minir
304 2515 426 2579 metelli
448 2514 635 2579 instructoe.
660 2513 712 2582 Cf.
742 2514 862 2578 Blomf.
890 2518 983 2601 gloss.
1006 2518 1047 2580 ad
1072 2538 1103 2580 v.
1131 2517 1197 2580 382

186 2633 293 2708 infru,
327 2631 424 2697 Rhesi
447 2654 477 2697 v.
499 2632 576 2702 668.
601 2632 696 2716 δεσμὰ
720 2630 864 2697 πωλικῶν
889 2634 922 2708 ἐξ
944 2635 1088 2712 ἀντύγων
1106 2632 1199 2698 Κλά-

187 2751 232 2824 ζει
255 2747 392 2834 σιδήρου.
416 2748 465 2812 De
478 2725 799 2834 significationen-oc.
820 2753 980 2832 ἄγρυπνος
1002 2751 1069 2813 vid.
1088 2748 1198 2814 Prom.

187 2867 263 2930 358.
299 2869 401 2949 Ζηνό,1
424 2870 588 2952 ἄγρυπνον
612 2865 714 2953 βέλος.
758 2865 865 2950 Digne
888 2879 999 2930 autern
1032 2887 1115 2949 quoe
1140 2887 1198 2930 no-

188 2995 276 3046 tetur
303 2995 350 3046 est
371 2983 476 3048 rarior
498 2980 643 3048 dochmii
665 2985 772 3048 forma
795 2984 845 3046 ὅτι
870 3009 903 3047 τε
926 2988 1065 3068 σιλριγγες
1089 2986 1115 3049 ἕ.

236 3099 311 3163 198.
334 3098 372 3163 Β.
402 3102 443 3163 ed
477 3101 554 3163 201.
585 3097 719 3184 στέγειν]
752 3102 929 3182 ὑπομένειν.
975 3100 1068 3164 Alter
1093 3098 1201 3164 inter·

188 3237 280 3298 pree,
313 3216 371 3300 qui
397 3219 515 3299 procul
536 3217 638 3280 dubio
656 3217 777 3296 στέγειν
800 3216 899 3302 legit,
930 3217 1071 3298 explicet
1093 3217 1201 3298 μένειν

189 3332 332 3416 ἀσφαλῶς
364 3336 417 3397 καὶ
442 3333 574 3412 στέγειν.
621 3330 762 3418 Hesycb.
791 3329 903 3416 στέγει]
931 3337 1076 3418 ιιριέπτει,
1113 3334 1202 3401 σννέ-

190 3475 255 3536 χει,
280 3450 447 3538 βαστάζει,
470 3449 629 3532 ὑπομένει.
675 3449 786 3525 Recte,
812 3447 1018 3544 cf.Soh0em.
1037 3457 1078 3514 ed
1092 3450 1200 3516 Prom.

192 3570 267 3632 428.
319 3567 456 3647 Στέγειν
481 3566 688 3650 interpretari
711 3567 786 3632 lieet
808 3570 990 3631 rectinere.
1031 3567 1202 3650 Διαμένειν

191 3683 236 3770 (A
259 3686 319 3748 sub
344 3683 461 3770 finem)
486 3699 519 3750 et
541 3684 648 3768 μένειν
672 3683 838 3768 ἀσφαλῶς,
869 3685 894 3749 ei
917 3684 1009 3749 illam
1031 3685 1200 3772 signitica-

191 3802 314 3866 tionem
354 3802 552 3868 uocabulum
590 3802 752 3878 admittit,
792 3803 834 3867 ab
870 3805 932 3868 boe
964 3806 1035 3868 loco
1069 3818 1204 3888 apparet

192 3919 296 3984 aliena
318 3940 393 3982 esee.

238 4033 392 4120 Sequenti
417 4055 510 4100 versu
536 4034 628 4124 (199)
659 4040 759 4102 eohol.
784 4035 823 4102 A.
849 4037 904 4102 σὺν
928 4033 1002 4114 οὖν,
1026 4036 1115 4102 idem
1141 4047 1204 4104 tree
