3050 5034
779 397 800 459 8

291 599 479 666 assentietur
486 621 494 678 ;
519 619 596 664 nam
622 599 782 684 plerisque
805 619 885 684 quoe
908 601 1002 668 affert
1025 600 1101 666 locis
1124 603 1238 668 forme·
1248 602 1301 670 ille

287 707 349 798 ἧξα
367 714 577 802 significaret:
611 716 771 782 celeriter
791 719 990 802 pervertire‚
1011 740 1241 804 permanare,
1261 728 1301 785 ut
1380 750 1386 757 ·

287 835 322 899 h.
344 836 367 901 1.
387 835 462 900 οο11.
486 833 648 919 προσέπτα
668 855 700 898 v.
727 835 809 908 115,
833 835 883 898 vel
906 836 972 920 (ert
992 832 1035 914 τι)
1058 835 1202 924 aliquid
1223 857 1300 900 eum

237 933 242 936 ’
288 950 406 1015 studio
438 949 609 1039 aggredi,
639 951 810 1038 arripere.
855 949 947 1034 Quae
973 951 1166 1038 significatio
1197 954 1300 1042 magio

288 1067 439 1134 eonvenit
459 1073 503 1153 τῷ
527 1073 645 1154 ᾀσοειν.
670 1101 715 1118 ···
739 1066 831 1131 [nire
854 1089 885 1131 v.
905 1069 983 1133 839.

445 1185 626 1251 ’Ἑντευθεν
645 1187 831 1270 οἰστρήσασα
852 1189 911 1266 σὴν
931 1188 1112 1268 παρακτίαν

446 1301 613 1368 Κίλευθον
635 1299 713 1389 ᾖξας
736 1304 811 1386 πρὸς
834 1301 936 1385 μέγαν
960 1299 1076 1368 κόλπον
1098 1301 1214 1380 Ῥέας,

288 1433 426 1504 uterque
440 1417 630 1484 Scholieetee
646 1419 700 1502 (ed
712 1442 744 1484 v.
758 1415 837 1499 837)
856 1418 934 1504 legit
950 1409 1038 1502 ᾖξας,
1059 1421 1114 1484 eed
1124 1425 1232 1506 ᾄσσειν
1244 1441 1301 1505 ap·

288 1537 449 1602 tissimum
470 1549 516 1601 eet
534 1536 667 1601 incitato
690 1534 745 1601 Ius
766 1537 884 1602 cursui.
904 1533 998 1604 MSS.
1012 1538 1074 1602 heo
1092 1537 1127 1600 in
1138 1557 1174 1602 re
1185 1537 1301 1624 exigue

288 1667 335 1719 eet
357 1653 544 1732 auctoritem
568 1674 660 1736 eeepe
679 1653 767 1750 enim
788 1652 912 1718 librarii
931 1653 996 1719 iota
1007 1653 1206 1739 adscriptum
1217 1654 1301 1720 omi-

288 1784 411 1836 serunt.
457 1769 497 1834 In
524 1769 643 1856 Agaue.
672 1791 704 1836 v.
727 1773 791 1846 77,
814 1769 872 1834 ubi
894 1770 969 1836 libri
992 1771 1117 1843 hebent
1140 1772 1300 1850 ἀνάσσων,

291 1888 498 1956 Hermennus
515 1889 558 1953 ed
578 1887 676 1952 Arist.
703 1885 789 1954 Nub.
813 1888 889 1954 996.
914 1888 1001 1954 reete
1020 1889 1222 1954 emendavit:

516 2007 586 2070 ὅτε
611 2007 670 2089 γὰρ
693 2007 801 2089 νεαρὸς
819 2003 930 2087 μυελὸς
951 2005 1086 2090 στέρνων

515 2123 602 2195 ἐντὸς
626 2123 771 2209 ἀνᾴσσων

516 2241 708 2324 ἰσόπρεσβυς.

290 2360 334 2422 cf.
357 2355 457 2420 Hom.
486 2354 525 2419 11.
549 2352 623 2420 XV.
647 2355 701 2417 80.
734 2356 776 2427 ὥς
804 2352 834 2418 i'
863 2355 909 2419 ὅτ’
935 2356 1055 2442 ἀναΐξει
1080 2360 1150 2429 νόος
1172 2357 1300 2440 α’νέρος,

290 2472 347 2536 ubi
368 2472 476 2542 Wolf.
498 2470 661 2536 substituit
683 2475 726 2536 ἂν
749 2471 844 2558 ἀΐξῃ,
876 2472 1073 2556 obloquente
1095 2473 1301 2552 Thiersohio,

291 2588 350 2654 Gr.
372 2591 391 2674 §
412 2589 488 2653 322.
510 2592 541 2652 5.
562 2587 596 2653 1).
620 2586 692 2652 Alia
712 2591 861 2671 exempla
880 2590 974 2653 affert
991 2587 1105 2654 Herm.
1123 2592 1145 2654 1.
1170 2593 1193 2656 1.
1222 2591 1301 2654 Fru-

291 2721 466 2795 gmentum
486 2705 714 2783 Anacreontis,
739 2709 827 2790 quod
848 2705 940 2770 nobie
961 2707 1100 2771 servavit
1120 2705 1207 2772 Max.
1221 2707 1321 2802 Tyr.-

290 2824 384 2891 VIII.
409 2846 442 2907 p.
468 2825 521 2888 96.
542 2826 673 2911 (fragm.
693 2825 745 2887 44.
760 2823 899 2910 Bergk),
924 2823 1100 2888 certissima
1118 2826 1302 2890 coniectura

289 2942 414 3008 sanavit
434 2940 593 3007 Valcken.
618 2943 659 3005 ad
684 2939 804 3006 Phoen.
829 2942 935 3018 1388,
966 2941 1136 3006 scribendo
1155 2943 1304 3028 χαρίεντα

165 3077 168 3081 ·
290 3062 348 3146 μὲν
374 3062 433 3144 γὰρ
461 3057 548 3145 ᾄδω,
581 3078 643 3141 pro
677 3078 739 3134 eo,
775 3060 863 3142 quod
889 3061 986 3145 vulgo
1009 3058 1177 3145 legebatur
1203 3058 1302 3136 διδῶ,

291 3181 382 3244 nulla
402 3198 505 3260 paene
525 3174 707 3239 mutatione
734 3174 883 3263 (ΑΙΔΩ.
920 3174 1054 3262 Amo.)
1080 3173 1132 3241 Cf.
1154 3175 1241 3240 idem
1262 3178 1303 3240 ed

292 3292 401 3360 Schol.
413 3317 444 3361 v.
460 3295 558 3359 1123.
571 3315 605 3357 n.
617 3293 674 3389 58.
700 3292 738 3356 In
752 3291 852 3356 Persis
863 3314 896 3357 v.
908 3294 963 3358 96.
976 3293 1184 3363 Welleuerue
1193 3293 1303 3358 edidit:

527 3413 574 3485 τίς
594 3415 615 3475 ό
634 3415 776 3495 κραιπνῷ
797 3409 872 3476 ποδὶ
895 3409 993 3494 πηδή-

527 3551 625 3610 ματος
648 3526 791 3601 εὐπετὲος
813 3527 973 3602 ἀνάσσων,

292 3646 382 3730 quod
400 3645 443 3720 si,
464 3657 503 3708 ut
521 3645 668 3722 videtur,
683 3644 880 3729 exigendum
897 3657 944 3708 est
956 3643 996 3714 ad
1009 3641 1146 3727 γλώσσης
1159 3650 1304 3727 κρατεῖν.

294 3761 378 3826 πόδα
400 3766 525 3842 νωμᾶν.
548 3758 761 3859 ρὶρυίθοεὼίι,
785 3761 837 3825 vel
863 3760 1019 3825 inhibere
1044 3761 1146 3826 levem
1171 3761 1306 3825 celtum

293 3879 344 3943 vel
365 3898 498 3964 regere,
524 3875 694 3962 dir-igere,
719 3898 785 3962 quo
802 3877 897 3941 velit.
922 3875 1038 3942 Sensus
1055 3881 1196 3960 postulet
1208 3880 1305 3964 α’νᾴσ-

294 4017 374 4060 our:
410 3991 489 4080 Quis
519 4005 584 4069 eet,
619 3991 675 4077 qui
709 3993 803 4058 celeri
821 3994 932 4076 ¹pede,
960 3993 1023 4060 levi
1044 3995 1128 4058 eeltu
1145 3995 1306 4071 exsiliat,
1385 4013 1388 4018 ·
