2988 5020
676 433 718 496 87

193 641 284 724 βόσια
307 642 387 702 σνῶν
424 636 476 726 (ΙΙ.
499 636 543 700 ΙΙ.
566 639 648 712 474,
683 637 751 713 ΧΙ,
775 636 875 721 679),
912 644 1026 722 σάρκας
1051 661 1206 725 σαρκοφα-

193 761 278 832 γεῖν,
303 753 397 818 Diod.
418 753 461 819 V.
480 755 540 828 39,
565 750 760 839 πολισσοῦχοι
786 758 919 840 χθονὸς,
943 777 1040 837 supra
1062 779 1095 820 v.
1123 759 1204 832 104,

194 870 256 955 Ag.
280 871 363 946 3293
389 871 475 935 infra
499 892 529 934 v.
556 873 632 934 711.
657 877 795 936 ereccon
815 871 1082 956 χρηματοδαίτας,
1107 875 1205 938 Eunt.

194 989 270 1051 875.
301 986 392 1060 πόλις
413 989 612 1062 derisione,
635 987 803 1054 ,Valcken
834 992 874 1052 ad
901 989 1020 1054 Herod.
1049 990 1116 1066 ΙΙΙ,
1143 995 1206 1068 78,

193 1101 383 1168 Schweneli.
409 1107 450 1168 ad
474 1105 572 1168 Eum.
596 1106 682 1180 839,
708 1106 789 1170 Lob.
815 1109 855 1169 od
879 1105 930 1172 Ai.
956 1130 988 1189 p.
1014 1110 1087 1183 192,
1111 1131 1161 1192 sq.

238 1223 314 1285 204.
351 1222 390 1284 A.
422 1225 462 1287 nd
495 1224 571 1287 237.
606 1220 796 1307 ἁπτόμενον]
831 1230 982 1305 γράφεται
1020 1231 1205 1308 τυφόμενον.
1248 1285 1251 1293 ,

192 1337 290 1422 Quod
314 1338 453 1401 verbnm
478 1340 544 1402 non
565 1351 694 1402 tantum
705 1339 810 1424 fumo
826 1339 1023 1425 suffocandi
1041 1344 1206 1406 sedetiam
1329 1357 1332 1364 ’

193 1454 395 1520 incendendi
407 1456 573 1520 notionem
585 1445 696 1520 hebet.
718 1457 798 1522 Eur.
811 1457 888 1522 Hec.
904 1461 981 1524 473.
994 1464 1080 1542 ὤμοι
1092 1465 1208 1546 χθονὸς

192 1579 361 1658 πατρῴας,
387 1571 440 1636 “A
465 1579 578 1656 καπνῷ
600 1575 814 1658 κατερείπεται
826 1576 1015 1658 Τνφομένα,
1037 1578 1114 1643 Ττο.
1131 1579 1206 1643 146.

192 1695 332 1771 Trionem
367 1689 493 1764 Ἴλιον,
532 1689 652 1755 Bacch.
687 1693 719 1754 8.
772 1691 886 1774 Quum
923 1715 967 1758 rs.
1003 1696 1206 1776 praecedenti

192 1810 324 1888 στρατὸν
357 1805 393 1870 in
418 1809 510 1870 nullo
531 1808 572 1871 eit
594 1807 697 1883 libro,
734 1809 905 1872 lectionem
929 1810 1018 1873 illam
1043 1833 1060 1874 e
1084 1812 1206 1876 librarii

192 1925 393 1988 correctione
417 1923 529 1988 notam
551 1937 690 2007 putem,
714 1926 770 2008 qui
796 1927 910 1990 melius
934 1930 1079 1992 crederet
1102 1949 1206 2012 popu·

170 2045 261 2104 *lum
285 2039 456 2126 suffocari
482 2063 583 2124 quam
607 2042 764 2105 comburi
772 2067 787 2120 ,·
819 2045 907 2125 quod
933 2044 1030 2108 nimis
1054 2046 1205 2127 ineptum

191 2157 379 2231 videretur,
414 2156 473 2222 nisi
511 2171 589 2220 esset
625 2157 659 2219 in
691 2156 922 2220 recentioribus
955 2157 1204 2242 interpretibus.

192 2275 249 2360 qui
273 2274 360 2338 idem
381 2271 577 2356 protulisset.
608 2272 790 2360 Vulgntum
811 2273 908 2336 etiarn
928 2274 1106 2358 antiquitus
1127 2279 1205 2342 fuir-

189 2413 223 2455 se
253 2395 439 2478 ιἁπτόμενον
474 2404 610 2474 apparet
644 2413 684 2454 ex
719 2390 928 2456 annotatione
961 2394 1061 2456 schol.
1092 2393 1129 2458 Β.
1164 2389 1205 2461 nd

191 2531 223 2574 v.
250 2510 326 2576 206.
360 2525 362 2532 ⁴
411 2529 416 2538 ·

235 2623 385 2690 Scholion
411 2623 451 2690 A.
472 2627 513 2688 ed
535 2627 618 2700 210,
641 2627 747 2689 deleto
767 2627 941 2701 lemmate,
974 2650 1050 2692 curn
1065 2621 1204 2711 'praecc-

190 2739 277 2806 denti
294 2763 358 2806 ecee
378 2743 645 2828 coniungendam
666 2743 746 2806 vidit
771 2741 926 2806 Abresoh:
945 2749 1039 2827 Γυνὴ
1056 2744 1200 2831 σωτῆρος]

190 2860 301 2924 Atina
320 2861 414 2933 Διὸς,
434 2861 490 2924 ἵνα
513 2857 550 2946 ᾖ·
575 2863 653 2940 γυνὴ
677 2861 753 2932 Διὸς
778 2865 925 2944 σωτῆρος,
950 2865 1067 2937 οἰκείως
1091 2865 1204 2949 ἔχουσα

189 2981 266 3062 πρὸς
287 2980 322 3040 τὸ
347 2979 512 3054 σώζεσθαι.
803 3058 805 3062 7

194 3131 197 3138 ·
234 3097 310 3160 209.
346 3093 454 3159 Schoi.
483 3095 523 3162 A.
561 3097 603 3159 ad
632 3097 712 3158 211:
748 3095 898 3172 πολλάκις
933 3098 967 3163 δὲ
991 3107 1012 3182 ἠ
1034 3108 1094 3166 τῶν
1116 3105 1203 3185 θεῶν

190 3216 274 3300 ἰσχῦς
294 3218 353 3295 τὴν
377 3215 539 3297 ἀμήχανον
564 3203 698 3297 νεφέλην
723 3217 776 3277 καὶ
801 3213 878 3302 (hoo
905 3235 971 3280 om.
996 3215 1086 3280 Voss.
1111 3214 1142 3302 1)
1170 3221 1203 3282 ἐκ

190 3321 326 3418 χαλεπῆς
354 3330 428 3412 δύης
461 3330 655 3413 κρεμαμένην
690 3333 828 3413 ὕπερθεν
851 3335 915 3396 τῶν
944 3333 1088 3414 ὀμμάτων
1111 3337 1208 3420 ὀρθοῖ

188 3453 242 3512 καλ
266 3450 419 3534 ἀποσοβεῖ
445 3447 556 3528 αὐτήν.
603 3445 813 3510 Manifestum
837 3459 900 3521 est,
924 3447 1137 3530 interpretem
1154 3454 1204 3514 le-

188 3566 266 3650 gisse
290 3570 362 3646 τὰν,
388 3564 611 3648 κρημναμένσν
630 3561 784 3644 rentiam
810 3565 918 3628 minus
944 3565 1064 3650 liquet,
1089 3579 1203 3632 utrum

187 3682 222 3744 in
244 3684 365 3748 scholio
395 3685 448 3746 uni
474 3683 514 3746 sit
541 3681 782 3754 omittendum,
814 3703 876 3745 nee
899 3703 950 3759 ne.
997 3687 1057 3748 Ἐκ
1082 3673 1204 3750 confir-

188 3811 299 3861 matur
331 3802 486 3864 lemmate
509 3802 610 3864 schol.
634 3799 671 3865 Β.
696 3803 736 3863 ad
763 3801 847 3877 213;
878 3803 966 3884 qnod
990 3823 1031 3866 an
1056 3818 1202 3868 metrum

188 3917 290 3989 serat,
318 3917 475 3999 estquod
500 3917 639 3983 dubites.
685 3917 784 3980 Eum.
809 3919 897 3994 804,
921 3920 999 3984 835.
1031 3921 1118 3985 πνέω
1153 3947 1202 3986 τοι

185 4033 280 4114 μένος
315 4034 445 4096 ἅπαντα
475 4056 508 4095 τε
539 4038 651 4111 κότον,
698 4047 731 4096 et
772 4033 894 4108 miror,
933 4033 1049 4100 'contra
1084 4039 1202 4102 sentire
