<?xml version="1.0" encoding="UTF-8"?>
<!DOCTYPE html PUBLIC "-//W3C//DTD XHTML 1.0 Transitional//EN"
    "http://www.w3.org/TR/xhtml1/DTD/xhtml1-transitional.dtd">
<html xmlns="http://www.w3.org/1999/xhtml" xml:lang="en" lang="en">
 <head>
  <title>
</title>
<meta http-equiv="Content-Type" content="text/html;charset=utf-8" />
  <meta name='ocr-system' content='tesseract 3.04.00' />
  <meta name='ocr-capabilities' content='ocr_page ocr_carea ocr_par ocr_line ocrx_word'/>
</head>
<body>
  <div class='ocr_page' id='page_1' title='image "./disputatiocriti00frangoog_0037.png"; bbox 0 0 3050 5034; ppageno 0'>
   <div class='ocr_carea' id='block_1_1' title="bbox 781 440 801 502">
    <p class='ocr_par' dir='ltr' id='par_1_1' title="bbox 781 440 801 502">
     <span class='ocr_line' id='line_1_1' title="bbox 781 440 801 502; baseline 0 0"><span class='ocrx_word' id='word_1_1' title='bbox 781 440 801 502; x_wconf 80' lang='lat' dir='ltr'><strong>l</strong></span> 
     </span>
    </p>
   </div>
   <div class='ocr_carea' id='block_1_2' title="bbox 278 623 1310 3434">
    <p class='ocr_par' dir='ltr' id='par_1_2' title="bbox 278 623 1294 2230">
     <span class='ocr_line' id='line_1_2' title="bbox 282 623 1294 734; baseline 0.004 -26"><span class='ocrx_word' id='word_1_2' title='bbox 282 663 342 708; x_wconf 89' lang='lat' dir='ltr'><strong>mo</strong></span> <span class='ocrx_word' id='word_1_3' title='bbox 358 623 611 726; x_wconf 63' lang='lat' dir='ltr'><strong>repraesentant.</strong></span> <span class='ocrx_word' id='word_1_4' title='bbox 634 645 678 708; x_wconf 86' lang='lat' dir='ltr'><strong>cf.</strong></span> <span class='ocrx_word' id='word_1_5' title='bbox 701 643 784 708; x_wconf 90' lang='lat' dir='ltr'><strong>Lob.</strong></span> <span class='ocrx_word' id='word_1_6' title='bbox 805 643 858 710; x_wconf 78' lang='lat' dir='ltr'><strong>lli.</strong></span> <span class='ocrx_word' id='word_1_7' title='bbox 880 665 913 727; x_wconf 91' lang='lat' dir='ltr'><strong>p.</strong></span> <span class='ocrx_word' id='word_1_8' title='bbox 928 647 987 722; x_wconf 82' lang='lat'><strong>73,</strong></span> <span class='ocrx_word' id='word_1_9' title='bbox 1005 645 1063 712; x_wconf 85' lang='lat' dir='ltr'><strong>inf.</strong></span> <span class='ocrx_word' id='word_1_10' title='bbox 1087 643 1141 711; x_wconf 91' lang='lat' dir='ltr'><strong>Sic</strong></span> <span class='ocrx_word' id='word_1_11' title='bbox 1152 645 1294 734; x_wconf 75' lang='lat' dir='ltr'><strong>Aeschy-</strong></span> 
     </span>
     <span class='ocr_line' id='line_1_3' title="bbox 282 759 1292 851; baseline 0.006 -27"><span class='ocrx_word' id='word_1_12' title='bbox 282 763 332 825; x_wconf 88' lang='lat' dir='ltr'><strong>lus</strong></span> <span class='ocrx_word' id='word_1_13' title='bbox 360 759 507 844; x_wconf 88' lang='lat' dir='ltr'><strong>Choeph.</strong></span> <span class='ocrx_word' id='word_1_14' title='bbox 531 761 609 826; x_wconf 78' lang='lat'><strong>880.</strong></span> <span class='ocrx_word' id='word_1_15' title='bbox 641 759 766 842; x_wconf 70' lang='grc' dir='ltr'><strong><em>φίλτατ’</em></strong></span> <span class='ocrx_word' id='word_1_16' title='bbox 791 762 958 841; x_wconf 76' lang='grc' dir='ltr'><strong>Αἰγίσθου</strong></span> <span class='ocrx_word' id='word_1_17' title='bbox 981 764 1058 851; x_wconf 74' lang='grc' dir='ltr'><strong><em>βίον,</em></strong></span> <span class='ocrx_word' id='word_1_18' title='bbox 1094 764 1292 830; x_wconf 79' lang='lat' dir='ltr'><strong>adiectivum</strong></span> 
     </span>
     <span class='ocr_line' id='line_1_4' title="bbox 281 877 1294 968; baseline 0.003 -26"><span class='ocrx_word' id='word_1_19' title='bbox 281 878 396 942; x_wconf 87' lang='lat' dir='ltr'><strong>retulit</strong></span> <span class='ocrx_word' id='word_1_20' title='bbox 418 880 459 942; x_wconf 82' lang='lat' dir='ltr'><strong>ad</strong></span> <span class='ocrx_word' id='word_1_21' title='bbox 481 879 554 965; x_wconf 85' lang='grc' dir='ltr'><strong><em>βία,</em></strong></span> <span class='ocrx_word' id='word_1_22' title='bbox 576 877 653 962; x_wconf 86' lang='lat' dir='ltr'><strong>quia</strong></span> <span class='ocrx_word' id='word_1_23' title='bbox 676 878 782 942; x_wconf 90' lang='lat' dir='ltr'><strong>verbis</strong></span> <span class='ocrx_word' id='word_1_24' title='bbox 802 880 883 958; x_wconf 81' lang='lat' dir='ltr'><strong>Aiy.</strong></span> <span class='ocrx_word' id='word_1_25' title='bbox 911 880 967 966; x_wconf 81' lang='grc' dir='ltr'><strong>βία</strong></span> <span class='ocrx_word' id='word_1_26' title='bbox 987 879 1068 944; x_wconf 83' lang='lat' dir='ltr'>nihil</span> <span class='ocrx_word' id='word_1_27' title='bbox 1089 880 1177 945; x_wconf 82' lang='lat' dir='ltr'><strong>aliud</strong></span> <span class='ocrx_word' id='word_1_28' title='bbox 1195 881 1294 968; x_wconf 74' lang='lat' dir='ltr'><strong>signi-</strong></span> 
     </span>
     <span class='ocr_line' id='line_1_5' title="bbox 281 993 1294 1081; baseline 0.006 -23"><span class='ocrx_word' id='word_1_29' title='bbox 281 995 415 1070; x_wconf 80' lang='lat' dir='ltr'><strong>ficatur,</strong></span> <span class='ocrx_word' id='word_1_30' title='bbox 438 1015 538 1078; x_wconf 87' lang='lat' dir='ltr'><strong>quam</strong></span> <span class='ocrx_word' id='word_1_31' title='bbox 555 994 695 1076; x_wconf 81' lang='lat' dir='ltr'><strong>simplici</strong></span> <span class='ocrx_word' id='word_1_32' title='bbox 712 995 854 1075; x_wconf 75' lang='grc' dir='ltr'><strong>Αἴγισθε</strong></span> <span class='ocrx_word' id='word_1_33' title='bbox 867 993 909 1081; x_wconf 82' lang='lat'><strong>¹).</strong></span> <span class='ocrx_word' id='word_1_34' title='bbox 955 993 1018 1061; x_wconf 88' lang='lat' dir='ltr'><strong>Sed</strong></span> <span class='ocrx_word' id='word_1_35' title='bbox 1034 1018 1117 1081; x_wconf 81' lang='lat' dir='ltr'><strong>quae</strong></span> <span class='ocrx_word' id='word_1_36' title='bbox 1138 998 1294 1064; x_wconf 88' lang='lat' dir='ltr'><strong>dicuntur</strong></span> 
     </span>
     <span class='ocr_line' id='line_1_6' title="bbox 284 1109 1294 1196; baseline 0.003 -21"><span class='ocrx_word' id='word_1_37' title='bbox 284 1109 429 1194; x_wconf 81' lang='lat' dir='ltr'><strong>epitheta</strong></span> <span class='ocrx_word' id='word_1_38' title='bbox 457 1124 616 1194; x_wconf 85' lang='lat' dir='ltr'><strong>perpetua</strong></span> <span class='ocrx_word' id='word_1_39' title='bbox 637 1111 671 1174; x_wconf 89' lang='lat' dir='ltr'><strong>in</strong></span> <span class='ocrx_word' id='word_1_40' title='bbox 705 1110 764 1176; x_wconf 83' lang='lat' dir='ltr'><strong>tali</strong></span> <span class='ocrx_word' id='word_1_41' title='bbox 787 1113 1086 1196; x_wconf 78' lang='lat' dir='ltr'><strong>circumscriptione</strong></span> <span class='ocrx_word' id='word_1_42' title='bbox 1113 1133 1173 1178; x_wconf 88' lang='lat' dir='ltr'><strong>suo</strong></span> <span class='ocrx_word' id='word_1_43' title='bbox 1195 1115 1294 1178; x_wconf 84' lang='lat' dir='ltr'><strong>etiam</strong></span> 
     </span>
     <span class='ocr_line' id='line_1_7' title="bbox 284 1229 1293 1315; baseline 0.001 -22"><span class='ocrx_word' id='word_1_44' title='bbox 284 1229 411 1294; x_wconf 90' lang='lat' dir='ltr'><strong>nomini</strong></span> <span class='ocrx_word' id='word_1_45' title='bbox 431 1229 633 1314; x_wconf 73' lang='lat' dir='ltr'><strong>iunguntur,</strong></span> <span class='ocrx_word' id='word_1_46' title='bbox 670 1242 706 1292; x_wconf 92' lang='lat' dir='ltr'><strong>ut</strong></span> <span class='ocrx_word' id='word_1_47' title='bbox 726 1230 781 1315; x_wconf 82' lang='grc' dir='ltr'><strong>βίη</strong></span> <span class='ocrx_word' id='word_1_48' title='bbox 803 1230 973 1313; x_wconf 76' lang='grc' dir='ltr'><em>Διομήδεος</em></span> <span class='ocrx_word' id='word_1_49' title='bbox 999 1230 1206 1314; x_wconf 62' lang='lat' dir='ltr'><strong>innotescam</strong></span> <span class='ocrx_word' id='word_1_50' title='bbox 1235 1230 1293 1295; x_wconf 93' lang='lat' dir='ltr'><strong>ubi</strong></span> 
     </span>
     <span class='ocr_line' id='line_1_8' title="bbox 282 1344 1294 1434; baseline 0.003 -24"><span class='ocrx_word' id='word_1_51' title='bbox 282 1348 379 1432; x_wconf 81' lang='lat' dir='ltr'><strong>pluro</strong></span> <span class='ocrx_word' id='word_1_52' title='bbox 400 1347 555 1411; x_wconf 84' lang='lat' dir='ltr'><strong>adiectiva</strong></span> <span class='ocrx_word' id='word_1_53' title='bbox 574 1346 754 1422; x_wconf 79' lang='lat' dir='ltr'><strong>adduntur,</strong></span> <span class='ocrx_word' id='word_1_54' title='bbox 778 1345 945 1411; x_wconf 90' lang='lat' dir='ltr'><strong>interdum</strong></span> <span class='ocrx_word' id='word_1_55' title='bbox 955 1344 984 1434; x_wconf 79' lang='lat'><strong>²)</strong></span> <span class='ocrx_word' id='word_1_56' title='bbox 1007 1349 1129 1431; x_wconf 81' lang='lat' dir='ltr'><strong>partim</strong></span> <span class='ocrx_word' id='word_1_57' title='bbox 1146 1371 1222 1414; x_wconf 90' lang='lat' dir='ltr'><strong>cum</strong></span> <span class='ocrx_word' id='word_1_58' title='bbox 1236 1369 1294 1413; x_wconf 90' lang='lat' dir='ltr'><strong>no·</strong></span> 
     </span>
     <span class='ocr_line' id='line_1_9' title="bbox 282 1461 1292 1550; baseline 0.006 -23"><span class='ocrx_word' id='word_1_59' title='bbox 282 1465 372 1527; x_wconf 92' lang='lat' dir='ltr'><strong>mine</strong></span> <span class='ocrx_word' id='word_1_60' title='bbox 396 1461 574 1546; x_wconf 83' lang='lat' dir='ltr'><strong>primario,</strong></span> <span class='ocrx_word' id='word_1_61' title='bbox 609 1461 733 1544; x_wconf 80' lang='lat' dir='ltr'><strong>part-im</strong></span> <span class='ocrx_word' id='word_1_62' title='bbox 770 1485 847 1526; x_wconf 83' lang='lat' dir='ltr'><strong>cunr</strong></span> <span class='ocrx_word' id='word_1_63' title='bbox 875 1465 1017 1550; x_wconf 77' lang='lat' dir='ltr'><strong>genitivo</strong></span> <span class='ocrx_word' id='word_1_64' title='bbox 1047 1481 1292 1533; x_wconf 87' lang='lat' dir='ltr'><strong>construuntur.</strong></span> 
     </span>
     <span class='ocr_line' id='line_1_10' title="bbox 282 1577 1293 1666; baseline 0.003 -21"><span class='ocrx_word' id='word_1_65' title='bbox 282 1579 336 1646; x_wconf 86' lang='lat' dir='ltr'><strong>Sic</strong></span> <span class='ocrx_word' id='word_1_66' title='bbox 360 1577 463 1663; x_wconf 89' lang='lat' dir='ltr'><strong>Soph.</strong></span> <span class='ocrx_word' id='word_1_67' title='bbox 488 1579 539 1644; x_wconf 85' lang='grc' dir='ltr'><strong>Αἰ.</strong></span> <span class='ocrx_word' id='word_1_68' title='bbox 561 1578 639 1643; x_wconf 85' lang='grc'><strong>846.</strong></span> <span class='ocrx_word' id='word_1_69' title='bbox 663 1587 719 1659; x_wconf 76' lang='grc' dir='ltr'><strong>γῆς</strong></span> <span class='ocrx_word' id='word_1_70' title='bbox 741 1582 821 1664; x_wconf 75' lang='lat' dir='ltr'><strong>lipsio</strong></span> <span class='ocrx_word' id='word_1_71' title='bbox 843 1581 958 1655; x_wconf 80' lang='grc' dir='ltr'><strong><em>οἰκείας</em></strong></span> <span class='ocrx_word' id='word_1_72' title='bbox 985 1582 1102 1662; x_wconf 79' lang='grc' dir='ltr'><strong><em>πέδον;</em></strong></span> <span class='ocrx_word' id='word_1_73' title='bbox 1131 1586 1176 1649; x_wconf 90' lang='lat' dir='ltr'><strong>cf.</strong></span> <span class='ocrx_word' id='word_1_74' title='bbox 1199 1605 1293 1666; x_wconf 83' lang='lat' dir='ltr'><strong>prae·</strong></span> 
     </span>
     <span class='ocr_line' id='line_1_11' title="bbox 279 1693 1293 1780; baseline 0.005 -21"><span class='ocrx_word' id='word_1_75' title='bbox 279 1708 369 1775; x_wconf 73' lang='lat' dir='ltr'><strong>terea</strong></span> <span class='ocrx_word' id='word_1_76' title='bbox 397 1716 480 1780; x_wconf 82' lang='lat' dir='ltr'><strong>quse</strong></span> <span class='ocrx_word' id='word_1_77' title='bbox 508 1696 602 1759; x_wconf 84' lang='lat' dir='ltr'><strong>affert</strong></span> <span class='ocrx_word' id='word_1_78' title='bbox 632 1693 716 1760; x_wconf 92' lang='lat' dir='ltr'><strong>Lob.</strong></span> <span class='ocrx_word' id='word_1_79' title='bbox 750 1695 801 1760; x_wconf 87' lang='grc' dir='ltr'><strong>Αἰ.</strong></span> <span class='ocrx_word' id='word_1_80' title='bbox 827 1718 861 1778; x_wconf 88' lang='lat' dir='ltr'><strong>p.</strong></span> <span class='ocrx_word' id='word_1_81' title='bbox 897 1698 971 1764; x_wconf 82' lang='lat'><strong>129.</strong></span> <span class='ocrx_word' id='word_1_82' title='bbox 1018 1699 1070 1764; x_wconf 90' lang='lat' dir='ltr'><strong>Ab</strong></span> <span class='ocrx_word' id='word_1_83' title='bbox 1100 1701 1149 1764; x_wconf 91' lang='lat' dir='ltr'><strong>his</strong></span> <span class='ocrx_word' id='word_1_84' title='bbox 1171 1701 1293 1766; x_wconf 83' lang='lat' dir='ltr'><strong>verosi</strong></span> 
     </span>
     <span class='ocr_line' id='line_1_12' title="bbox 279 1810 1292 1902; baseline 0.004 -24"><span class='ocrx_word' id='word_1_85' title='bbox 279 1813 471 1891; x_wconf 77' lang='lat' dir='ltr'><strong>discesseris,</strong></span> <span class='ocrx_word' id='word_1_86' title='bbox 518 1812 641 1898; x_wconf 89' lang='lat' dir='ltr'><strong>ubique</strong></span> <span class='ocrx_word' id='word_1_87' title='bbox 672 1810 815 1878; x_wconf 85' lang='lat' dir='ltr'><strong>invenies</strong></span> <span class='ocrx_word' id='word_1_88' title='bbox 851 1817 1145 1893; x_wconf 84' lang='lat' dir='ltr'><strong>constructionem,</strong></span> <span class='ocrx_word' id='word_1_89' title='bbox 1189 1819 1292 1902; x_wconf 82' lang='lat' dir='ltr'><strong>qualis</strong></span> 
     </span>
     <span class='ocr_line' id='line_1_13' title="bbox 279 1928 1292 2018; baseline 0.006 -24"><span class='ocrx_word' id='word_1_90' title='bbox 279 1945 326 1994; x_wconf 89' lang='lat' dir='ltr'><strong>est</strong></span> <span class='ocrx_word' id='word_1_91' title='bbox 361 1931 395 1994; x_wconf 92' lang='lat' dir='ltr'><strong>in</strong></span> <span class='ocrx_word' id='word_1_92' title='bbox 426 1929 532 1996; x_wconf 76' lang='lat' dir='ltr'><strong>serbis</strong></span> <span class='ocrx_word' id='word_1_93' title='bbox 564 1928 688 1995; x_wconf 80' lang='grc' dir='ltr'><strong><em>κλεινὸν</em></strong></span> <span class='ocrx_word' id='word_1_94' title='bbox 724 1929 858 1996; x_wconf 76' lang='grc' dir='ltr'><strong><em>Οἰδίπου</em></strong></span> <span class='ocrx_word' id='word_1_95' title='bbox 894 1937 984 2018; x_wconf 83' lang='grc' dir='ltr'><strong><em>κάρα.</em></strong></span> <span class='ocrx_word' id='word_1_96' title='bbox 1031 1931 1110 2010; x_wconf 90' lang='lat' dir='ltr'><strong>Sed,</strong></span> <span class='ocrx_word' id='word_1_97' title='bbox 1144 1947 1183 1998; x_wconf 92' lang='lat' dir='ltr'><strong>ut</strong></span> <span class='ocrx_word' id='word_1_98' title='bbox 1214 1936 1292 2001; x_wconf 92' lang='lat' dir='ltr'><strong>illuc</strong></span> 
     </span>
     <span class='ocr_line' id='line_1_14' title="bbox 278 2047 1291 2132; baseline 0.005 -19"><span class='ocrx_word' id='word_1_99' title='bbox 278 2050 432 2125; x_wconf 83' lang='lat' dir='ltr'><strong>redeam,</strong></span> <span class='ocrx_word' id='word_1_100' title='bbox 461 2047 591 2112; x_wconf 88' lang='lat' dir='ltr'><strong>lectioni</strong></span> <span class='ocrx_word' id='word_1_101' title='bbox 618 2048 800 2132; x_wconf 75' lang='grc' dir='ltr'><strong><em>θεοῦ-βίαν</em></strong></span> <span class='ocrx_word' id='word_1_102' title='bbox 821 2049 989 2114; x_wconf 78' lang='lat' dir='ltr'><strong>collocatio</strong></span> <span class='ocrx_word' id='word_1_103' title='bbox 1011 2051 1189 2115; x_wconf 82' lang='lat' dir='ltr'><strong>verborum</strong></span> <span class='ocrx_word' id='word_1_104' title='bbox 1209 2055 1243 2119; x_wconf 90' lang='lat' dir='ltr'><strong>h.</strong></span> <span class='ocrx_word' id='word_1_105' title='bbox 1267 2055 1291 2118; x_wconf 90' lang='lat' dir='ltr'><strong>l.</strong></span> 
     </span>
     <span class='ocr_line' id='line_1_15' title="bbox 278 2166 507 2230; baseline 0 0"><span class='ocrx_word' id='word_1_106' title='bbox 278 2166 387 2230; x_wconf 85' lang='lat' dir='ltr'><strong>minus</strong></span> <span class='ocrx_word' id='word_1_107' title='bbox 409 2167 507 2230; x_wconf 83' lang='lat' dir='ltr'><strong>favet.</strong></span> 
     </span>
    </p>

    <p class='ocr_par' dir='ltr' id='par_1_3' title="bbox 279 2257 1310 3434">
     <span class='ocr_line' id='line_1_16' title="bbox 323 2257 1292 2371; baseline 0.005 -25"><span class='ocrx_word' id='word_1_108' title='bbox 323 2257 377 2348; x_wconf 54' lang='lat'><strong>2⁹5.</strong></span> <span class='ocrx_word' id='word_1_109' title='bbox 401 2280 441 2345; x_wconf 88' lang='lat' dir='ltr'><strong>In</strong></span> <span class='ocrx_word' id='word_1_110' title='bbox 462 2285 619 2346; x_wconf 85' lang='lat' dir='ltr'><strong>lemmate</strong></span> <span class='ocrx_word' id='word_1_111' title='bbox 637 2284 735 2347; x_wconf 90' lang='lat' dir='ltr'><strong>schol.</strong></span> <span class='ocrx_word' id='word_1_112' title='bbox 758 2281 795 2346; x_wconf 91' lang='lat' dir='ltr'><strong>B.</strong></span> <span class='ocrx_word' id='word_1_113' title='bbox 817 2289 942 2368; x_wconf 78' lang='grc' dir='ltr'><strong><em>πάχνην</em></strong></span> <span class='ocrx_word' id='word_1_114' title='bbox 958 2282 1073 2366; x_wconf 64' lang='lat' dir='ltr'><strong>tusas</strong></span> <span class='ocrx_word' id='word_1_115' title='bbox 1091 2305 1153 2366; x_wconf 92' lang='lat' dir='ltr'><strong>pro</strong></span> <span class='ocrx_word' id='word_1_116' title='bbox 1171 2287 1292 2371; x_wconf 76' lang='grc' dir='ltr'><strong><em>θ’ἑῴαν</em></strong></span> 
     </span>
     <span class='ocr_line' id='line_1_17' title="bbox 279 2396 1289 2484; baseline 0.003 -20"><span class='ocrx_word' id='word_1_117' title='bbox 279 2402 366 2464; x_wconf 86' lang='lat' dir='ltr'><strong>male</strong></span> <span class='ocrx_word' id='word_1_118' title='bbox 398 2399 525 2480; x_wconf 79' lang='lat' dir='ltr'><strong>irrepsit</strong></span> <span class='ocrx_word' id='word_1_119' title='bbox 556 2399 590 2460; x_wconf 90' lang='lat' dir='ltr'><strong>in</strong></span> <span class='ocrx_word' id='word_1_120' title='bbox 622 2397 776 2462; x_wconf 73' lang='lat' dir='ltr'><strong>editiones</strong></span> <span class='ocrx_word' id='word_1_121' title='bbox 807 2396 951 2463; x_wconf 89' lang='lat' dir='ltr'><strong>Schutzii</strong></span> <span class='ocrx_word' id='word_1_122' title='bbox 983 2412 1016 2464; x_wconf 87' lang='lat' dir='ltr'><strong>et</strong></span> <span class='ocrx_word' id='word_1_123' title='bbox 1049 2399 1192 2484; x_wconf 78' lang='lat' dir='ltr'><strong>Hauptii.</strong></span> <span class='ocrx_word' id='word_1_124' title='bbox 1244 2404 1289 2467; x_wconf 80' lang='grc' dir='ltr'><strong>Τί</strong></span> 
     </span>
     <span class='ocr_line' id='line_1_18' title="bbox 279 2505 1310 2600; baseline 0.002 -19"><span class='ocrx_word' id='word_1_125' title='bbox 279 2517 469 2599; x_wconf 90' lang='lat' dir='ltr'><strong>simpliciter</strong></span> <span class='ocrx_word' id='word_1_126' title='bbox 491 2515 616 2600; x_wconf 76' lang='lat' dir='ltr'><strong>iungit3</strong></span> <span class='ocrx_word' id='word_1_127' title='bbox 654 2516 745 2598; x_wconf 92' lang='lat' dir='ltr'><strong>quod</strong></span> <span class='ocrx_word' id='word_1_128' title='bbox 778 2516 804 2579; x_wconf 89' lang='lat' dir='ltr'><strong>si</strong></span> <span class='ocrx_word' id='word_1_129' title='bbox 836 2505 1008 2592; x_wconf 86' lang='lat' dir='ltr'><strong>scribitur,</strong></span> <span class='ocrx_word' id='word_1_130' title='bbox 1041 2515 1152 2581; x_wconf 91' lang='lat' dir='ltr'><strong>minor</strong></span> <span class='ocrx_word' id='word_1_131' title='bbox 1178 2515 1310 2583; x_wconf 70' lang='lat' dir='ltr'><strong>distin-⁸</strong></span> 
     </span>
     <span class='ocr_line' id='line_1_19' title="bbox 280 2631 1292 2719; baseline 0.001 -20"><span class='ocrx_word' id='word_1_132' title='bbox 280 2635 345 2700; x_wconf 91' lang='lat' dir='ltr'><strong>ctio</strong></span> <span class='ocrx_word' id='word_1_133' title='bbox 368 2645 441 2716; x_wconf 88' lang='lat' dir='ltr'><strong>post</strong></span> <span class='ocrx_word' id='word_1_134' title='bbox 468 2637 545 2714; x_wconf 78' lang='grc' dir='ltr'><strong><em>φάος</em></strong></span> <span class='ocrx_word' id='word_1_135' title='bbox 566 2633 715 2715; x_wconf 80' lang='lat' dir='ltr'><strong>ponenda</strong></span> <span class='ocrx_word' id='word_1_136' title='bbox 736 2646 793 2697; x_wconf 87' lang='lat' dir='ltr'><strong>est.</strong></span> <span class='ocrx_word' id='word_1_137' title='bbox 839 2631 910 2696; x_wconf 91' lang='lat' dir='ltr'><strong>Hoc</strong></span> <span class='ocrx_word' id='word_1_138' title='bbox 929 2635 1029 2697; x_wconf 86' lang='lat' dir='ltr'><strong>modo</strong></span> <span class='ocrx_word' id='word_1_139' title='bbox 1051 2656 1156 2719; x_wconf 87' lang='lat' dir='ltr'><strong>quum</strong></span> <span class='ocrx_word' id='word_1_140' title='bbox 1178 2643 1199 2718; x_wconf 77' lang='grc' dir='ltr'><strong>η’</strong></span> <span class='ocrx_word' id='word_1_141' title='bbox 1222 2660 1292 2701; x_wconf 89' lang='grc' dir='ltr'><strong><em>ποι-</em></strong></span> 
     </span>
     <span class='ocr_line' id='line_1_20' title="bbox 279 2750 1292 2836; baseline 0.001 -21"><span class='ocrx_word' id='word_1_142' title='bbox 279 2750 426 2832; x_wconf 78' lang='grc' dir='ltr'><strong><em>κιλείμων</em></strong></span> <span class='ocrx_word' id='word_1_143' title='bbox 446 2786 491 2799; x_wconf 92' lang='grc'><strong>-</strong></span> <span class='ocrx_word' id='word_1_144' title='bbox 515 2761 547 2812; x_wconf 88' lang='lat' dir='ltr'><strong>et</strong></span> <span class='ocrx_word' id='word_1_145' title='bbox 567 2755 691 2836; x_wconf 80' lang='grc' dir='ltr'><strong><em>πάχνην</em></strong></span> <span class='ocrx_word' id='word_1_146' title='bbox 715 2753 799 2836; x_wconf 74' lang='grc' dir='ltr'><strong>ἑῴαν</strong></span> <span class='ocrx_word' id='word_1_147' title='bbox 819 2785 866 2799; x_wconf 89' lang='lat'><strong>--</strong></span> <span class='ocrx_word' id='word_1_148' title='bbox 888 2762 975 2814; x_wconf 79' lang='lat' dir='ltr'><strong>arcte</strong></span> <span class='ocrx_word' id='word_1_149' title='bbox 997 2753 1239 2828; x_wconf 84' lang='lat' dir='ltr'><strong>consocientur,</strong></span> <span class='ocrx_word' id='word_1_150' title='bbox 1260 2765 1292 2818; x_wconf 91' lang='lat' dir='ltr'><strong>et</strong></span> 
     </span>
     <span class='ocr_line' id='line_1_21' title="bbox 280 2867 1292 2956; baseline 0.005 -25"><span class='ocrx_word' id='word_1_151' title='bbox 280 2869 370 2953; x_wconf 84' lang='lat' dir='ltr'><strong>qussi</strong></span> <span class='ocrx_word' id='word_1_152' title='bbox 391 2868 425 2930; x_wconf 92' lang='lat' dir='ltr'><strong>in</strong></span> <span class='ocrx_word' id='word_1_153' title='bbox 446 2887 551 2930; x_wconf 91' lang='lat' dir='ltr'><strong>unum</strong></span> <span class='ocrx_word' id='word_1_154' title='bbox 579 2869 774 2941; x_wconf 82' lang='lat' dir='ltr'><strong>coalescant,</strong></span> <span class='ocrx_word' id='word_1_155' title='bbox 787 2867 915 2931; x_wconf 85' lang='lat' dir='ltr'><strong>clarius</strong></span> <span class='ocrx_word' id='word_1_156' title='bbox 944 2881 1079 2950; x_wconf 82' lang='lat' dir='ltr'><strong>apparet</strong></span> <span class='ocrx_word' id='word_1_157' title='bbox 1099 2869 1222 2956; x_wconf 77' lang='grc' dir='ltr'><strong><em>οἰομένῳ</em></strong></span> <span class='ocrx_word' id='word_1_158' title='bbox 1245 2894 1292 2936; x_wconf 86' lang='grc' dir='ltr'><strong>σοι</strong></span> 
     </span>
     <span class='ocr_line' id='line_1_22' title="bbox 280 2982 1293 3067; baseline 0.003 -17"><span class='ocrx_word' id='word_1_159' title='bbox 280 2987 321 3050; x_wconf 81' lang='lat' dir='ltr'><strong>ad</strong></span> <span class='ocrx_word' id='word_1_160' title='bbox 353 2997 534 3067; x_wconf 88' lang='lat' dir='ltr'><strong>utrumque</strong></span> <span class='ocrx_word' id='word_1_161' title='bbox 572 2982 764 3047; x_wconf 88' lang='lat' dir='ltr'><strong>membrum</strong></span> <span class='ocrx_word' id='word_1_162' title='bbox 797 3005 861 3048; x_wconf 88' lang='lat' dir='ltr'><strong>esse</strong></span> <span class='ocrx_word' id='word_1_163' title='bbox 891 2985 1112 3051; x_wconf 88' lang='lat' dir='ltr'><strong>referendum.</strong></span> <span class='ocrx_word' id='word_1_164' title='bbox 1170 2986 1293 3053; x_wconf 82' lang='lat' dir='ltr'><strong>Contra</strong></span> 
     </span>
     <span class='ocr_line' id='line_1_23' title="bbox 281 3091 1293 3184; baseline 0.002 -16"><span class='ocrx_word' id='word_1_165' title='bbox 281 3102 388 3168; x_wconf 78' lang='lat' dir='ltr'><strong>&#39;verbis</strong></span> <span class='ocrx_word' id='word_1_166' title='bbox 410 3101 472 3166; x_wconf 92' lang='lat' dir='ltr'><strong>sibi</strong></span> <span class='ocrx_word' id='word_1_167' title='bbox 492 3100 634 3165; x_wconf 78' lang='lat' dir='ltr'><strong>inuicem</strong></span> <span class='ocrx_word' id='word_1_168' title='bbox 657 3099 816 3182; x_wconf 81' lang='lat' dir='ltr'><strong>particula</strong></span> <span class='ocrx_word' id='word_1_169' title='bbox 839 3099 873 3165; x_wconf 80' lang='grc' dir='ltr'><strong>δὲ</strong></span> <span class='ocrx_word' id='word_1_170' title='bbox 893 3091 1066 3184; x_wconf 87' lang='lat' dir='ltr'><strong>oppositis,</strong></span> <span class='ocrx_word' id='word_1_171' title='bbox 1098 3105 1203 3167; x_wconf 83' lang='lat' dir='ltr'><strong>maior</strong></span> <span class='ocrx_word' id='word_1_172' title='bbox 1221 3127 1293 3170; x_wconf 89' lang='lat' dir='ltr'><strong>sen-</strong></span> 
     </span>
     <span class='ocr_line' id='line_1_24' title="bbox 282 3216 1292 3301; baseline 0.003 -17"><span class='ocrx_word' id='word_1_173' title='bbox 282 3220 400 3284; x_wconf 85' lang='lat' dir='ltr'><strong>tentiae</strong></span> <span class='ocrx_word' id='word_1_174' title='bbox 434 3216 593 3301; x_wconf 83' lang='lat' dir='ltr'><strong>emphasis</strong></span> <span class='ocrx_word' id='word_1_175' title='bbox 622 3229 687 3292; x_wconf 87' lang='lat' dir='ltr'><strong>est,</strong></span> <span class='ocrx_word' id='word_1_176' title='bbox 711 3228 744 3281; x_wconf 91' lang='lat' dir='ltr'><strong>et</strong></span> <span class='ocrx_word' id='word_1_177' title='bbox 768 3222 901 3300; x_wconf 78' lang='lat' dir='ltr'><strong>poe’tnm</strong></span> <span class='ocrx_word' id='word_1_178' title='bbox 925 3220 987 3281; x_wconf 92' lang='lat' dir='ltr'><strong>hoc</strong></span> <span class='ocrx_word' id='word_1_179' title='bbox 1010 3221 1081 3282; x_wconf 92' lang='lat' dir='ltr'><strong>loco</strong></span> <span class='ocrx_word' id='word_1_180' title='bbox 1094 3233 1234 3284; x_wconf 85' lang='lat' dir='ltr'><strong>noctem</strong></span> <span class='ocrx_word' id='word_1_181' title='bbox 1258 3235 1292 3287; x_wconf 89' lang='lat' dir='ltr'><strong>et</strong></span> 
     </span>
     <span class='ocr_line' id='line_1_25' title="bbox 281 3333 1292 3434; baseline 0.005 -36"><span class='ocrx_word' id='word_1_182' title='bbox 281 3337 368 3399; x_wconf 90' lang='lat' dir='ltr'><strong>diem</strong></span> <span class='ocrx_word' id='word_1_183' title='bbox 395 3355 559 3417; x_wconf 88' lang='lat' dir='ltr'><strong>opponere</strong></span> <span class='ocrx_word' id='word_1_184' title='bbox 583 3333 733 3408; x_wconf 88' lang='lat' dir='ltr'><strong>voluisse,</strong></span> <span class='ocrx_word' id='word_1_185' title='bbox 766 3333 936 3417; x_wconf 79' lang='lat' dir='ltr'><strong>probabile</strong></span> <span class='ocrx_word' id='word_1_186' title='bbox 956 3335 996 3400; x_wconf 85' lang='lat' dir='ltr'><strong>fit</strong></span> <span class='ocrx_word' id='word_1_187' title='bbox 1021 3358 1059 3401; x_wconf 85' lang='lat' dir='ltr'><strong>ex</strong></span> <span class='ocrx_word' id='word_1_188' title='bbox 1081 3336 1292 3434; x_wconf 28' lang='lat' dir='ltr'><strong>adiectound-</strong></span> 
     </span>
    </p>
   </div>
   <div class='ocr_carea' id='block_1_3' title="bbox 252 3448 1292 3654">
    <p class='ocr_par' dir='ltr' id='par_1_4' title="bbox 252 3448 1292 3654">
     <span class='ocr_line' id='line_1_26' title="bbox 252 3448 1292 3550; baseline 0.004 -34"><span class='ocrx_word' id='word_1_189' title='bbox 252 3545 254 3550; x_wconf 23' lang='grc' dir='ltr'>Ι</span> <span class='ocrx_word' id='word_1_190' title='bbox 282 3451 344 3519; x_wconf 80' lang='grc' dir='ltr'><strong><em>λιν.</em></strong></span> <span class='ocrx_word' id='word_1_191' title='bbox 390 3448 537 3516; x_wconf 90' lang='lat' dir='ltr'><strong>Omnino</strong></span> <span class='ocrx_word' id='word_1_192' title='bbox 568 3464 683 3534; x_wconf 83' lang='lat' dir='ltr'><strong>poetae</strong></span> <span class='ocrx_word' id='word_1_193' title='bbox 715 3473 808 3534; x_wconf 84' lang='lat' dir='ltr'><strong>saepe</strong></span> <span class='ocrx_word' id='word_1_194' title='bbox 838 3451 873 3516; x_wconf 80' lang='grc' dir='ltr'><strong><em>ἰί</em></strong></span> <span class='ocrx_word' id='word_1_195' title='bbox 896 3464 1073 3535; x_wconf 82' lang='lat' dir='ltr'><strong>usurpant,</strong></span> <span class='ocrx_word' id='word_1_196' title='bbox 1101 3453 1157 3517; x_wconf 93' lang='lat' dir='ltr'><strong>ubi</strong></span> <span class='ocrx_word' id='word_1_197' title='bbox 1185 3454 1292 3538; x_wconf 84' lang='lat' dir='ltr'><strong>prima</strong></span> 
     </span>
     <span class='ocr_line' id='line_1_27' title="bbox 281 3567 1291 3654; baseline 0.003 -18"><span class='ocrx_word' id='word_1_198' title='bbox 281 3571 386 3654; x_wconf 86' lang='lat' dir='ltr'><strong>specie</strong></span> <span class='ocrx_word' id='word_1_199' title='bbox 408 3573 441 3634; x_wconf 80' lang='grc' dir='ltr'><strong>τὲ</strong></span> <span class='ocrx_word' id='word_1_200' title='bbox 463 3569 618 3653; x_wconf 82' lang='lat' dir='ltr'><strong>requiras.</strong></span> <span class='ocrx_word' id='word_1_201' title='bbox 663 3567 779 3634; x_wconf 89' lang='lat' dir='ltr'><strong>Noster</strong></span> <span class='ocrx_word' id='word_1_202' title='bbox 799 3567 888 3652; x_wconf 88' lang='lat' dir='ltr'><strong>Sept.</strong></span> <span class='ocrx_word' id='word_1_203' title='bbox 910 3571 986 3635; x_wconf 82' lang='lat'><strong>215.</strong></span> <span class='ocrx_word' id='word_1_204' title='bbox 1010 3573 1075 3635; x_wconf 81' lang='grc' dir='ltr'><strong>Διά</strong></span> <span class='ocrx_word' id='word_1_205' title='bbox 1094 3575 1180 3640; x_wconf 79' lang='grc' dir='ltr'><strong><em>θεῶν</em></strong></span> <span class='ocrx_word' id='word_1_206' title='bbox 1197 3571 1291 3639; x_wconf 82' lang='grc' dir='ltr'><strong><em>πόλιν</em></strong></span> 
     </span>
    </p>
   </div>
   <div class='ocr_carea' id='block_1_4' title="bbox 283 3745 535 3758">
    <p class='ocr_par' dir='ltr' id='par_1_5' title="bbox 283 3745 535 3758">
     <span class='ocr_line' id='line_1_28' title="bbox 283 3745 535 3758; baseline 0 -4"><span class='ocrx_word' id='word_1_207' title='bbox 283 3745 535 3758; x_wconf 79' lang='grc'>.....-.-.--.--</span> 
     </span>
    </p>
   </div>
   <div class='ocr_carea' id='block_1_5' title="bbox 318 3847 1292 3918">
    <p class='ocr_par' dir='ltr' id='par_1_6' title="bbox 318 3847 1292 3918">
     <span class='ocr_line' id='line_1_29' title="bbox 318 3847 1292 3918; baseline 0.004 -20"><span class='ocrx_word' id='word_1_208' title='bbox 318 3847 347 3918; x_wconf 87' lang='grc'><strong>1)</strong></span> <span class='ocrx_word' id='word_1_209' title='bbox 377 3848 468 3896; x_wconf 86' lang='lat' dir='ltr'><strong>Endem</strong></span> <span class='ocrx_word' id='word_1_210' title='bbox 485 3847 516 3896; x_wconf 91' lang='lat' dir='ltr'><strong>de</strong></span> <span class='ocrx_word' id='word_1_211' title='bbox 533 3863 607 3896; x_wconf 84' lang='lat' dir='ltr'><strong>cnuto</strong></span> <span class='ocrx_word' id='word_1_212' title='bbox 624 3848 714 3897; x_wconf 84' lang='lat' dir='ltr'><strong>odiecl.</strong></span> <span class='ocrx_word' id='word_1_213' title='bbox 732 3865 807 3899; x_wconf 84' lang='lat' dir='ltr'><strong>mssc.</strong></span> <span class='ocrx_word' id='word_1_214' title='bbox 825 3865 916 3913; x_wconf 74' lang='lat' dir='ltr'><strong>genere</strong></span> <span class='ocrx_word' id='word_1_215' title='bbox 932 3851 1044 3917; x_wconf 82' lang='lat' dir='ltr'><strong>ponitur.</strong></span> <span class='ocrx_word' id='word_1_216' title='bbox 1058 3853 1090 3903; x_wconf 82' lang='lat' dir='ltr'><strong>cl.</strong></span> <span class='ocrx_word' id='word_1_217' title='bbox 1106 3853 1213 3918; x_wconf 76' lang='lat' dir='ltr'><strong>Euntp.</strong></span> <span class='ocrx_word' id='word_1_218' title='bbox 1224 3852 1292 3902; x_wconf 85' lang='lat' dir='ltr'><strong>Suid.</strong></span> 
     </span>
    </p>
   </div>
   <div class='ocr_carea' id='block_1_6' title="bbox 284 3941 903 4111">
    <p class='ocr_par' dir='ltr' id='par_1_7' title="bbox 284 3941 903 4111">
     <span class='ocr_line' id='line_1_30' title="bbox 284 3941 903 4033; baseline -0.003 -26"><span class='ocrx_word' id='word_1_219' title='bbox 284 3949 320 4016; x_wconf 84' lang='lat' dir='ltr'><strong>(v.</strong></span> <span class='ocrx_word' id='word_1_220' title='bbox 340 3945 445 4018; x_wconf 75' lang='grc' dir='ltr'><strong><em>χαίρω)</em></strong></span> <span class='ocrx_word' id='word_1_221' title='bbox 464 3941 610 4033; x_wconf 43' lang='grc' dir='ltr'><strong>βέλτιονί</strong></span> <span class='ocrx_word' id='word_1_222' title='bbox 622 3943 788 4017; x_wconf 66' lang='grc' dir='ltr'><strong>Ἀλκμήνης</strong></span> <span class='ocrx_word' id='word_1_223' title='bbox 808 3947 903 4014; x_wconf 69' lang='grc' dir='ltr'><strong><em>τέκος.</em></strong></span> 
     </span>
     <span class='ocr_line' id='line_1_31' title="bbox 316 4045 785 4111; baseline -0.004 -15"><span class='ocrx_word' id='word_1_224' title='bbox 316 4047 342 4111; x_wconf 65' lang='lat'><strong>2)</strong></span> <span class='ocrx_word' id='word_1_225' title='bbox 376 4047 411 4096; x_wconf 81' lang='lat' dir='ltr'><strong>(ll.</strong></span> <span class='ocrx_word' id='word_1_226' title='bbox 429 4047 496 4097; x_wconf 85' lang='lat' dir='ltr'><strong>enirn</strong></span> <span class='ocrx_word' id='word_1_227' title='bbox 513 4045 598 4096; x_wconf 86' lang='lat' dir='ltr'><strong>Elmsl.</strong></span> <span class='ocrx_word' id='word_1_228' title='bbox 615 4045 711 4095; x_wconf 80' lang='lat' dir='ltr'><strong>llerucl.</strong></span> <span class='ocrx_word' id='word_1_229' title='bbox 728 4046 785 4095; x_wconf 78' lang='lat' dir='ltr'><strong>tou.</strong></span> 
     </span>
    </p>
   </div>
   <div class='ocr_carea' id='block_1_7' title="bbox 0 0 1530 5034">
    <p class='ocr_par' dir='ltr' id='par_1_8' title="bbox 0 0 1530 5034">
     <span class='ocr_line' id='line_1_32' title="bbox 0 0 1530 5034; baseline 0 0"><span class='ocrx_word' id='word_1_230' title='bbox 0 0 1530 5034; x_wconf 95' lang='lat' dir='ltr'><strong> </strong></span> 
     </span>
    </p>
   </div>
  </div>
 </body>
</html>
