2988 5020
643 453 701 514 tot

173 654 195 719 i.
228 675 256 718 e.
290 653 384 740 σίβας
415 660 469 720 τοῦ
491 659 646 738 ὁρμᾶσθαι
657 704 667 734 ,
701 654 828 740 (tuum)
854 657 914 720 Ιιοο
935 677 1081 732 murtae,
1116 678 1183 742 quo

158 772 327 836 itomt’nee
358 775 554 836 vomitorio.
601 771 674 835 Huc
707 794 839 857 quoque
861 775 1029 837 reserenda
1052 783 1100 837 est
1119 774 1183 837 cir-

175 890 405 972 cumscriptio,
438 913 521 973 quae
558 892 597 953 fit
630 891 791 954 vocabulis
826 895 901 976 τιίχη
925 904 957 953 et
992 885 1102 974 μοῖρα,
1143 893 1183 954 de

173 1029 239 1092 qua
263 1010 306 1072 of.
328 1007 432 1075 Wett.
454 1009 494 1071 ad
514 1007 612 1072 Eum.
635 1010 657 1073 l.
678 1012 717 1082 l..
755 1007 816 1092 Ag.
846 1010 947 1082 1570,
983 1008 1082 1073 Eum.
1106 1009 1181 1072 454.

173 1122 322 1208 Denique
353 1127 527 1188 succedant
557 1125 606 1188 his
635 1126 713 1199 looi,
750 1124 809 1187 ubi
832 1125 1027 1188 adiectivum
1055 1125 1185 1198 verbale

175 1241 338 1324 originem
360 1241 500 1316 indicat,
524 1241 557 1304 in
581 1241 699 1325 quibus
720 1263 878 1324 perquam
901 1241 1184 1316 dubium,utrum

175 1355 371 1421 adiectivum
396 1357 499 1423 active
523 1378 565 1420 an
588 1359 707 1440 passive
729 1359 926 1420 sumendum
947 1359 998 1422 sit.
1023 1357 1076 1423 Cf.
1101 1357 1186 1432 Lobt

176 1473 228 1538 Αἰ.
251 1494 284 1555 p.
309 1475 391 1549 228,
414 1495 485 1557 sqq.
512 1471 627 1556 Suppl.
651 1475 727 1538 558.
756 1473 884 1548 οδιίναις
909 1474 1186 1561 κεντροδαλήτοις,

175 1590 354 1656 δοὶονίδυο
388 1613 428 1654 ου
469 1591 609 1654 vulnere
634 1589 785 1679 flagelli
819 1593 932 1668 ertia,
973 1593 1069 1658 Eum.
1108 1597 1187 1687 478.

176 1707 376 1792 παιδότρωτα
411 1713 537 1782 πάθεα,
573 1705 683 1771 Prom.
719 1711 795 1772 581.
832 1709 1035 1795 οίστρήλατον
1074 1709 1184 1792 δεῖμα,

176 1813 326 1908 Choeph.
359 1826 457 1889 1064.
482 1829 597 1910 μόχθοι
620 1823 805 1912 παιδόβοροι
831 1827 889 1914 (sio
912 1841 1064 1892 accentus
1086 1828 1120 1890 in
1148 1828 1186 1890 li-

175 1940 273 2028 bris);
296 1943 351 2006 ted
375 1942 493 2027 Agam.
519 1943 571 2008 49.
598 1945 759 2016 ἐκπατίοις
780 1941 888 2022 ἄλγεσι
901 1945 1045 2023 παίδων,
1070 1945 1185 2028 inquo
1260 2036 1263 2042 ‚

175 2063 324 2133 ίκιιιίιτιος
345 2059 505 2142 significat
530 2061 755 2132 immaturum,
780 2061 924 2146 ingene,
948 2061 1094 2122 huonon
1108 2082 1186 2142 per·

174 2177 268 2241 tinet.
292 2176 332 2239 In
353 2173 465 2241 Prom.
488 2188 532 2239 σε.
554 2176 637 2238 860.
660 2197 732 2259 eqq.
755 2177 833 2239 haec
856 2178 1024 2261 leguntur:
1048 2175 1187 2252 Ἥξουσι,

175 2293 332 2382 (Aegypti
352 2290 424 2378 filii)
450 2295 654 2377 &werimum
674 2293 710 2357 οδ
731 2293 923 2376 θηρασίμους
947 2298 1065 2375 γάμους
1095 2295 1186 2380 (oum

172 2410 404 2498 Danaidibue),

459 2531 582 2609 φθόνον
606 2526 639 2591 δι’
662 2532 810 2610 σωμάτων
835 2527 897 2603 ἕξει
918 2532 1003 2604 θεὸς·

329 2644 495 2724 Πελασγία
518 2644 552 2710 δέ
578 2644 701 2720 δέξεται
724 2642 912 2728 θηλυκτόνῳ

331 2759 431 2848 ’Ἅρει
458 2761 620 2859 δαμέντων
646 2769 898 2847 νυκτιφρουρήτῳ
918 2767 1048 2846 θράσει,

176 2881 264 2965 qnod
284 2881 385 2965 vulgo
404 2879 450 2943 eie
467 2878 744 2960 interpretantur:
769 2882 846 2943 dens
864 2899 1001 2962 corpora
1019 2881 1185 2966 virginum
1308 2869 1310 2876 ¹

175 2997 333 3063 invidebit
363 2997 437 3060 filiis
470 2995 628 3081 Aegypti3
664 3000 767 3082 Argos
790 3010 899 3060 autem
926 2996 1063 3079 recipiet
1088 3001 1187 3084 virgi·

175 3135 250 3190 nee,
274 3113 335 3176 illis
362 3113 515 3200 (Aegypti
537 3111 624 3197 filiis)
654 3128 817 3200 nocturno
840 3114 1185 3192 furore-intersectis?

176 3229 239 3296 sed
263 3232 366 3316 Argoo
389 3230 511 3312 recepit
532 3229 705 3304 Danaides,
730 3229 937 3314 Aegyptiadis
960 3233 1107 3294 nondum
1137 3233 1187 3296 in·

175 3349 338 3426 teremtis;
371 3348 480 3426 itaque
505 3347 717 3429 participium
741 3347 907 3427 praeteriti
934 3348 1089 3429 temporis
1118 3349 1188 3438 (δα-

175 3465 312 3554 μίντων)
336 3467 389 3530 hie
414 3466 490 3547 poni
516 3484 583 3528 non
608 3475 744 3544 poterat.
791 3462 831 3526 In
854 3461 946 3529 voss.
975 3467 1005 3526 1.
1033 3466 1187 3532 scribitur

177 3581 375 3666 θηλοίιιτονον
401 3604 478 3646 oum
502 3583 559 3668 gll.
581 3585 659 3661 ἄγος
683 3593 716 3644 et
737 3583 776 3644 τιί
798 3582 927 3661 σώματα
949 3581 1066 3648 αὐτῶν.
1099 3577 1188 3660 'Hine

178 3702 352 3786 legendum
376 3721 440 3766 eeee
462 3698 616 3766 ooniioio:

262 3815 426 3896 Πελασγία
451 3817 485 3882 δι’
508 3817 632 3893 δέξεται
656 3814 855 3901 opinanter
900 3803 904 3807 ¹

263 3932 372 4012 ’Ἁγος
394 3933 558 4014 δαμέντων
580 3941 834 4018 νυκτιφρουρήτῳ
855 3939 976 4018 θράσει.

178 4051 253 4124 Θεὸς
286 4049 461 4132 exponitur
485 4047 520 4112 in
548 4049 640 4116 Voss.
666 4051 698 4112 2.
724 4052 826 4135 glossa
850 4055 946 4134 ἄρης,
983 4054 1070 4134 quod
1095 4073 1191 4128 verae
1243 4053 1245 4058 ’
