2988 5020
668 429 730 488 113

183 631 221 694 in
242 628 417 723 Scholiasta
441 631 699 714 legendumesee
717 630 961 713 οωφρονέοτιρον
976 632 1202 695 demonstrant

187 747 287 810 verba
320 749 384 811 τῶν
409 745 656 831 προειρημένους
691 745 727 809 in
763 752 876 828 poetae
897 747 1003 810 verbis
1024 760 1138 812 utrum
1159 749 1201 810 sit

187 865 458 946 praeferendum,
480 883 545 926 non
567 875 636 926 tant
660 876 812 945 apertum
837 876 895 926 est.
943 863 1033 928 lufra
1062 888 1092 929 v.
1123 865 1198 928 639.

184 985 226 1060 μὴ
259 985 312 1043 καί
344 982 490 1062 trusbut]
525 979 753 1063 δυςφορώτιρος
784 983 879 1058 γόος,
915 979 1023 1044 Subol.
1054 979 1091 1043 B.
1122 1003 1199 1044 cum

184 1098 309 1180 aliquot
336 1096 432 1160 libris.
450 1096 707 1181 ὂυςφορώτατος,
736 1110 823 1160 recte
847 1097 896 1159 ab.
911 1097 1087 1161 editoribus
1111 1119 1199 1179 spre-

184 1225 270 1276 tum.
303 1213 382 1276 Eur.
411 1212 574 1277 Androm.
606 1215 682 1278 640.
707 1232 767 1294 pro
792 1212 901 1278 κυδιον
924 1233 991 1277 non
1021 1217 1135 1278 melius
1163 1214 1200 1276 li·

183 1329 288 1392 brarii
311 1329 455 1394 ιιιίδιοτον
479 1329 728 1392 substituerunt.
774 1328 865 1392 Infra
888 1351 926 1406 v.
950 1331 1015 1392 580
1044 1350 1105 1410 pro
1130 1329 1199 1404 ‹lve-

186 1446 393 1531 σιβιστίροις,
418 1446 541 1530 aliquot
561 1447 682 1510 codices
706 1445 972 1533 ὅυςοιβιστάτοις,
997 1449 1085 1530 quod
1108 1466 1199 1528 prae-

182 1564 299 1626 -serunt
327 1560 461 1625 Sebutz.
489 1574 521 1624 et
544 1561 662 1637 Dind.,
699 1562 848 1645 quamuis
879 1563 960 1626 illud
986 1563 1199 1634 confirmetur

186 1701 206 1742 a
227 1677 335 1742 Sebol.
355 1679 394 1742 A.
417 1681 457 1742 ad
477 1681 560 1757 582,
585 1692 618 1742 et
641 1679 760 1742 Tbor'n.
785 1677 872 1764 Mag.
903 1700 931 1741 v.
962 1681 1098 1762 ὄρνιθες.
1146 1679 1200 1740 lu-

181 1797 341 1881 telligitur
361 1793 459 1875 hinc,
483 1797 593 1880 quod,
616 1796 716 1860 etiam
736 1796 760 1858 si
783 1798 933 1877 exempla
946 1815 1011 1860 non
1025 1797 1199 1874 docerent,

185 1932 252 1976 nou
272 1913 489 1994 improbabile
509 1927 606 1987 esset,
631 1913 778 1976 librarios
798 1911 922 1993 saepius
942 1912 1198 1994 superlativum,

187 2030 279 2092 euius
304 2029 462 2091 maiorem
486 2050 550 2092 esse
569 2029 637 2092 vim
659 2028 838 2110 putabant,
856 2028 1064 2091 substituisse.
1089 2026 1199 2111 Quare
1239 2075 1242 2080 Α

186 2148 250 2209 boo
273 2165 404 2228 quoque
426 2147 497 2208 loeo
520 2144 780 2225 comparativum
816 2165 931 2206 verum
961 2143 1081 2218 babeo,
1114 2157 1201 2207 reete

185 2283 205 2322 a
228 2259 337 2326 Sabol.
360 2261 569 2342 explicatum.
615 2259 670 2324 Vs.
695 2272 848 2342 sequente
876 2265 990 2341 μάντιν
1014 2261 1201 2342 Ἀμφιάρεω

186 2379 262 2465 βίαν
287 2377 514 2462 coniungenda
533 2377 695 2440 ridentur.
728 2381 857 2449 Μάντις
878 2381 967 2460 κόρα,
992 2376 1083 2442 Pind.
1103 2377 1198 2462 Pytb.

181 2494 253 2558 XI.
269 2497 322 2568 33,
346 2498 368 2558 οἱ
392 2499 562 2578 πρόμαντις
573 2496 674 2573 Δίκα,
697 2491 797 2576 Soph.
817 2494 867 2558 El.
884 2497 959 2558 467.
984 2494 1035 2559 Cf.
1054 2495 1196 2558 Rrunck.

184 2614 227 2676 ad
251 2611 351 2693 soph.
385 2610 466 2676 Oed.
494 2612 533 2675 T.
563 2614 629 2690 80,
662 2610 780 2677 Valck.
813 2611 936 2676 Phoen.
969 2613 1047 2686 103,
1081 2611 1198 2674 Herm.

188 2729 238 2792 Αἰ.
276 2730 350 2790 163.
405 2729 611 2792 Adiectivum
645 2749 722 2791 oum
755 2730 830 2812 βίαν
862 2729 1070 2791 construitur.
1116 2725 1199 2806 Vide

189 2846 230 2906 ad
254 2845 366 2906 Prom.
393 2847 442 2906 15.
1073 2825 1076 2829 ’

231 2962 308 3022 558.
332 2958 442 3022 Sebol.
466 2959 557 3024 Voss.
581 2963 634 3022 καί
658 2963 713 3024 τὸν
737 2965 790 3025 οὐν
814 2955 909 3034 αὖθις
924 2958 968 3045 1)]
995 2964 1048 3024 καί
1070 2964 1124 3025 τὸν
1144 2963 1198 3024 σόν

182 3074 342 3156 ἀδελφὸν,
372 3073 492 3157 δηλαδὴ
527 3079 581 3140 τὸν
612 3074 810 3158 Πολυνείκην
832 3079 886 3141 τὸν
916 3075 1196 3158 πλησιοθάνατον,

65 3197 68 3202 ’
183 3200 204 3276 ἠ
226 3195 281 3258 τὸν
304 3193 537 3266 α’ξιοίνάνατον.
561 3199 582 3274 ἡ
605 3195 659 3256 τὸν
680 3200 899 3276 ουμπριίιιτορα
917 3199 969 3256 τοῦ
983 3190 1127 3269 Τυδέως,
1142 3216 1197 3254 κα-

151 3361 154 3366 .
185 3319 264 3374 κοῖον
287 3311 374 3396 βάζει
398 3311 461 3374 dut
485 3315 589 3374 κοινοῦ
604 3310 806 3384 ’ἐξυπτιάζων
831 3313 883 3370 καί
904 3306 1049 3382 ἐξαντλῶν
1065 3305 1197 3372 καὶοῖον

184 3428 296 3494 ὕπτιον
327 3431 380 3490 καί
409 3426 643 3506 ἀνατεταμένον
675 3429 775 3504 τιθείς
805 3423 1004 3506 τῇ,διαλιίοει
1027 3428 1063 3486 τὸ
1087 3428 1198 3488 τούτου

189 3661 406 3672 -n———a--a-

217 3847 247 3912 1)
269 3849 325 3902 Καὶ
346 3849 394 3902 τον
415 3850 461 3902 τὸν
480 3839 556 3911 αὖθις
577 3842 727 3914 τρὸςμορον
747 3840 890 3913 ἀδελφεὸν
912 3845 1100 3910 Πολυνείκους
1121 3845 1195 3916 βίαν,

183 3947 253 3994 Voss.
275 3950 297 4004 l,
316 3947 341 3992 in
359 3959 410 4007 quo
426 3945 475 3992 boe
493 3945 606 3993 sobolion
624 3943 741 3991 mutilum
759 3947 793 4003 el,
812 3942 964 4003 ululatur,
982 3943 1196 4003 herimarum,

182 4055 261 4104 quare
278 4040 304 4086 in
321 4037 485 4101 eaqueallbiat
502 4038 571 4086 Voss.
588 4040 612 4084 ².
631 4042 735 4086 seculus
751 4051 813 4082 sum.

1044 4134 1083 4191 15
