3050 5034
743 387 784 450 10

254 591 424 656 literarum
450 594 586 658 ductum
614 592 734 657 accedit
766 593 905 678 αἶσχῠνη.
953 589 1045 656 Idem
1074 591 1172 672 paulo
1196 601 1272 654 ante

255 709 389 795 θέμερον
412 711 448 798 (Ι.
473 707 632 798 91μερὸν)]
648 713 779 793 σεμνὸν,
803 709 858 790 ἀφ’
879 695 917 773 οὗ
938 711 992 772 nul
1015 711 1051 772 τὸ
1064 711 1272 789 σεμνύνεσθαι

258 834 496 914 deprensarum.
526 826 670 915 111ῧοί11
692 829 748 894 illo
772 831 844 892 loco
865 814 1054 913 legendum:
1079 823 1269 912 θεμερῶπις]

258 948 410 1033 σεβασμία
433 950 581 1032 αἰσχύνη,
618 961 730 1030 eatque
753 948 834 1010 haec
856 947 959 1031 glocca
980 957 1089 1010 eumta
1111 965 1150 1009 ex
1171 963 1273 1008 anno-

258 1064 380 1128 tatione
411 1067 553 1148 quadam
582 1067 623 1129 ad
654 1066 689 1128 11.
716 1067 758 1141 1.,
782 1085 848 1148 qua
867 1063 1047 1146 explicatur
1070 1069 1142 1145 dep.
1164 1061 1272 1136 aiddu.

260 1183 437 1265 Oeptpdmc
458 1194 532 1247 ante
560 1183 757 1266 Aeschylum
781 1181 847 1245 iam
873 1192 1085 1264 usurpaverat
1104 1179 1273 1262 Empedo.

261 1301 325 1364 cles
339 1329 359 1376 ,·
380 1321 426 1366 rs.
453 1301 507 1366 25.
553 1299 740 1364 Karsteniut
759 1298 804 1364 ib.
827 1320 859 1363 v.
882 1299 966 1373 129,
985 1317 1019 1380 p.
1043 1297 1120 1362 206.
1146 1300 1275 1382 nepteo,-

260 1429 378 1481 nalum
398 1429 494 1500 putul
516 1439 556 1482 ex
576 1421 700 1502 ἥμερος,
732 1429 770 1480 ut
790 1419 881 1498 θαμὰ
901 1435 941 1478 ex
964 1418 1052 1497 ἅμα,
1074 1418 1175 1500 θόρω,
1198 1418 1275 1498 θόρ-

263 1559 338 1615 νυμι
359 1556 399 1597 ex
415 1537 493 1619 ὄρω,
518 1538 644 1618 ὄρνυμι;
670 1546 783 1597 contra
795 1532 996 1607 Lobeckiua‚
1010 1531 1135 1596 Pathol.
1147 1555 1181 1616 p.
1196 1533 1274 1596 261.

262 1653 392 1734 &tuapte
412 1671 430 1712 a
451 1653 564 1734 τίθημι
577 1650 686 1725 ducit,
707 1661 740 1713 et
757 1649 1076 1735 adsignificatiouem
1089 1652 1214 1713 confert
1227 1653 1276 1714 εὔ-

262 1775 375 1843 θετος,
409 1768 572 1849 cooperer,
605 1767 799 1831 Latinorum
820 1767 1045 1852 compositus,
1081 1787 1190 1850 aquo
1209 1787 1277 1830 non

260 1887 410 1949 multum
447 1885 545 1949 dietat
572 1883 721 1970 Hesychii
752 1885 875 1966 σεμνόν.
921 1880 1090 1968 Quidquid
1113 1896 1179 1961 eet,
1207 1896 1277 1948 ter-

263 2001 508 2076 minatio-aime
529 2002 585 2066 hic
607 2021 672 2065 non
696 2002 798 2088 magia
821 2002 1002 2083 premenda
1025 2014 1090 2076 eet,
1114 2003 1219 2085 quam'
1242 2001 1278 2064 in

262 2115 463 2202 ,κελαινῶπης
484 2121 601 2202 θυμὸς,
625 2121 713 2202 apud
734 2116 834 2202 soph.
860 2117 911 2182 Αἰ.
933 2118 1014 2193 934,
1050 2119 1156 2201 αἴθοψ
1177 2119 1276 2202 ἀνὴρ,

265 2237 311 2302 ib.
334 2238 397 2300 221
420 2235 477 2324 (cf.
498 2235 588 2320 Sept.
612 2233 836 2322 43l.al'daw),
861 2234 1018 2316 δολῶπις,
1041 2233 1277 2319 Soph.Trach.

269 2355 368 2432 1039,
389 2353 597 2437 reliquisque,
622 2375 707 2437 quae
723 2355 817 2418 affert
832 2352 915 2417 Lob.
935 2351 986 2417 Ai.
1007 2375 1039 2419 v.
1061 2354 1138 2430 955,
1151 2374 1185 2436 p.
1201 2355 1277 2430 411,

269 2481 302 2532 et
321 2469 472 2533 omnibus
490 2469 676 2547 adiectivie,
697 2490 782 2555 quae
796 2468 949 2553 ὶη-ὡδης,
972 2467 1028 2558 (ab
1040 2463 1134 2556 εἶδος)
1148 2484 1277 2536 exeunt.

315 2589 390 2653 136.
413 2583 523 2654 Sobol.
559 2583 593 2652 in
626 2587 722 2654 Paris,
751 2594 902 2675 γράφεται
923 2590 959 2652 αἲ
981 2612 1035 2652 και
1059 2597 1126 2672 φεῦ.
1171 2581 1282 2654 Facile

267 2719 417 2790 apparet,
442 2709 529 2770 unde
552 2707 633 2770 illud
656 2695 772 2770 natum
794 2707 845 2772 ait.
890 2704 975 2770 Nam
1000 2708 1155 2771 lemmate
1177 2709 1228 2784 al,
1247 2685 1302 2774 at‘

269 2827 355 2888 forte
374 2824 500 2900 omisso,
524 2824 676 2888 librarius
696 2833 770 2906 φεῦ,
793 2829 866 2906 φεῦ,
886 2845 971 2908 quae
980 2827 1020 2889 ad
1032 2825 1280 2908 explicationem

270 2940 375 3024 posita
394 2953 491 3005 erant
513 2941 569 3028 (cf.
595 2939 634 3006 n.
660 2943 701 3004 ad
721 2943 756 3006 h.
780 2939 836 3026 l),
859 2961 921 3024 pro
941 2945 1117 3020 lemmate,
1139 2946 1283 3028 adeoque

268 3079 331 3142 pro
363 3058 468 3124 uerbis
496 3063 611 3142 poetae
640 3059 765 3123 habuit.
812 3058 967 3144 Reisigiua
992 3072 1103 3124 tamen
1128 3061 1182 3124 hic
1205 3068 1284 3141 φεῦ,

271 3181 327 3258 φεῦ
349 3178 526 3261 legendum
547 3196 610 3244 esse
636 3187 740 3259 putat.
766 3172 819 3240 Cf.
839 3173 944 3244 Well.
963 3175 1048 3243 And.
1069 3178 1109 3240 ad
1128 3198 1159 3242 v.
1181 3179 1234 3240 98.

322 3295 394 3358 143.
429 3293 465 3358 Β.
491 3299 630 3380 φρουρὰν
651 3293 770 3378 ἄζηλον
789 3292 901 3382 ὀχήσω]
936 3295 1058 3380 οἴκησιν
1082 3298 1205 3376 κακὴν,
1242 3298 1284 3376 ἣν

273 3409 374 3484 οὐδεὶς
400 3407 548 3494 ζηλώσει,
571 3409 709 3492 φυλάξω.
738 3410 935 3477 Scholiasten
958 3411 1070 3498 legisse
1092 3393 1204 3495 οῖκῇσω
1223 3433 1284 3496 pn-

272 3541 322 3592 tat
353 3527 489 3592 Hudtius
507 3593 510 3600 A
530 3531 618 3612 apud
647 3529 761 3595 Faeha.
818 3529 926 3607 Male,
962 3543 1001 3593 ut
1033 3525 1117 3592 mihi
1145 3531 1284 3596 videtur.

275 3649 395 3730 Ὀχήσω
417 3645 597 3726 explicatur
619 3666 677 3726 per
701 3644 837 3728 φυλάξω.
1067 3635 1070 3640 ’

266 3751 269 3758 “
322 3739 397 3846 144.
434 3757 525 3824 Olim
553 3764 679 3826 lectum
716 3753 810 3828 fuisse
844 3763 975 3841 leucon,
1011 3771 1113 3850 Προμ.
1148 3770 1285 3854 φοβερὰ,

277 3857 381 3966 &peior
400 3877 549 3955 dilucere,
572 3893 707 3962 apparet
728 3902 795 3945 non
819 3891 950 3946 tantum
971 3903 1009 3946 ex
1022 3882 1288 3965 interpretatione

277 3993 385 4059 Schol.
409 3997 458 4070 A,
481 3998 535 4059 sed
556 3995 654 4061 etiarn
675 4017 713 4061 ex
734 3997 788 4072 iis,
814 4020 897 4081 quae
918 3999 1017 4064 habet
1036 4005 1071 4063 Γ
1079 4025 1087 4063 1
1111 4002 1146 4065 τὸ
1170 3997 1232 4088 (όῖ)
1254 3998 1288 4062 δὲ
