2988 5020
686 358 690 364 ’
778 386 840 448 tot

294 602 501 680 perpetrato
534 590 591 680 (sic
624 591 713 655 enim
749 589 857 674 inepta
892 593 977 654 foret
1001 591 1221 677 tautologia),
1257 596 1313 658 scd

299 713 441 796 aerique
461 712 587 786 mata,
612 710 646 773 in
678 707 853 796 praegressi
880 730 987 774 tersus
1010 710 1076 772 fine
1104 709 1230 794 aliquid
1249 713 1312 798 legi

298 827 434 903 debere,
458 828 547 912 quod
567 826 723 914 significet
754 848 823 890 non
852 829 959 891 nocio
993 825 1122 912 Oedipo
1147 839 1308 904 tontum,

298 967 337 1010 ex
359 945 558 1029 oppositione
583 944 675 1011 facile
697 956 842 1027 apparet.
889 944 961 1009 lam
982 944 1048 1008 sive
1075 944 1232 1010 scribitur
1255 949 1312 1034 οὐχ

299 1067 368 1138 ἑνὸς
393 1067 491 1146 μόνον
515 1059 650 1151 (Pota),
681 1061 748 1126 sive
779 1064 884 1128 κείνου
911 1064 1009 1144 μόνον
1039 1062 1131 1146 (olim
1158 1061 1310 1149 ilerm.),

297 1181 364 1246 sive
381 1179 494 1264 ἀνδρὸς
515 1184 614 1262 μόνον
640 1179 778 1267 (Arndt,
804 1178 1030 1266 Quaestiones
1053 1179 1142 1244 Crs't.
1167 1179 1311 1247 dolosis

298 1297 506 1386 quibusdam
529 1294 632 1384 Sepla.
655 1295 838 1360 Brandenb.
865 1297 969 1372 1844,
993 1318 1027 1379 p.
1050 1294 1127 1381 24),
1151 1299 1310 1382 genitivus

298 1417 371 1492 illc,
396 1437 501 1500 quum
527 1414 720 1497 praepositio
746 1415 916 1496 praecedat
940 1435 959 1478 a
986 1433 1052 1499 qua
1075 1417 1218 1498 pendere
1239 1437 1310 1499 pos·

298 1535 357 1608 sit,
382 1555 449 1618 quo
469 1535 656 1598 referendus
679 1532 738 1607 sit,
761 1531 958 1616 ambiguum
983 1544 1040 1598 cst.
1087 1530 1203 1617 Itaque
1219 1555 1309 1616 pras·

299 1657 403 1740 feram
418 1651 598 1726 Hermanni
617 1652 836 1715 coniecturam
854 1651 890 1715 οὐ
909 1652 1076 1733 porciam.
1100 1649 1257 1722 Similiter
1274 1665 1310 1718 ut

298 1771 354 1835 hic
378 1773 461 1834 κακὰ
484 1789 524 1832 cx
546 1767 693 1852 sequenti
717 1787 810 1832 versu
837 1767 993 1843 adhaesit,
1017 1769 1051 1832 in
1074 1773 1164 1846 loco,
1188 1773 1309 1854 dequo

298 1909 388 1952 nuuc
419 1908 499 1974 ago,
532 1883 636 1968 μένων
667 1882 807 1950 librariis
838 1885 949 1949 deberi
980 1886 1125 1962 videtur,
1162 1891 1257 1953 oculo
1277 1889 1310 1952 in

299 2009 401 2072 finem
423 2003 642 2090 praecedentis
667 2023 776 2068 versus
796 2002 985 2079 aberrante,
1017 2004 1107 2068 cuius
1129 2005 1309 2089 corruptio

299 2126 349 2191 nis
371 2125 459 2190 aliud
482 2123 671 2206 exemplum
699 2142 733 2204 p.
764 2122 796 2184 3.
821 2121 928 2186 attuli.
986 2118 1091 2204 Missa
1114 2135 1162 2186 est
1186 2122 1308 2188 dativus

298 2216 500 2308 substantivi.

344 2359 421 2421 390.
445 2355 481 2431 Β,
506 2357 546 2422 ad
568 2355 653 2418 393:
678 2351 875 2438 προστατεῖν]
902 2360 1092 2438 προστατήν.
1116 2353 1204 2420 Haec
1225 2358 1310 2421 varia

300 2473 396 2538 lectio
417 2495 456 2537 ex
476 2471 697 2537 Arundeliano
717 2484 844 2547 sanita,
868 2494 886 2537 a
907 2470 1049 2536 Stanleio
1071 2474 1198 2540 scholiis
1223 2474 1309 2539 addi-

300 2605 335 2657 ta
357 2603 421 2668 est;
446 2591 480 2654 in
503 2609 541 2654 eo
564 2588 652 2652 enim
677 2587 764 2652 libro
789 2601 835 2652 est
856 2597 1042 2674 προστατεῖν
1064 2604 1249 2656 correctum
1277 2592 1310 2656 in

300 2717 487 2794 προστατὴν.
533 2707 618 2772 Illud
639 2728 745 2791 quum
765 2728 1005 2790 perpaucorum
1025 2707 1117 2774 MSS
1138 2711 1234 2775 lectio
1252 2711 1308 2786 sit,

299 2828 443 2911 suspicor
463 2848 501 2889 ex
524 2847 569 2891 vs.
593 2824 703 2890 378.
693 2825 863 2906 irrepsisse.

345 2947 421 3010 397.
445 2940 553 3008 Schol.
582 2941 672 3008 Voss.
707 2945 737 3006 1.
771 2940 842 3028 δίκῃ
875 2941 926 3007 δ”
906 2967 923 3008 ο
953 2940 1136 3028 ὄαίμων]’
1121 2968 1155 3009 rs
1179 2944 1250 3032 δίκῃ
1277 2945 1309 3010 δὲ

300 3071 368 3149 ἤτοι
393 3058 698 3142 tractassemus
721 3061 773 3124 nat
794 3064 814 3124 ὁ
832 3063 906 3134 ord,
929 3067 1029 3144 κάρτα
1050 3061 1103 3125 sai
1122 3059 1195 3128 iias
1214 3063 1309 3130 αὐτὸν

301 3180 532 3267 προστέλλεται.
556 3177 663 3243 Schol.
679 3177 717 3242 B.
737 3179 779 3240 ad
801 3178 876 3242 400.
895 3180 987 3241 affert
1007 3181 1085 3243 duas
1105 3180 1181 3244 alias
1200 3181 1309 3248 lectio-

299 3322 355 3366 nes
385 3299 456 3382 δίκη
488 3299 538 3364 δ’ὁ
563 3297 703 3378 δαίμων,
736 3308 768 3362 et
791 3294 864 3381 aaa,
888 3295 1069 3378 δ’όμαίμων.
1094 3296 1308 3362 Scribendum

301 3420 384 3502 Δίκη
407 3416 586 3500 δ’όμαίμων.
621 3415 721 3479 Recte
752 3411 873 3496 Haupt.
900 3416 940 3479 ad
963 3413 1077 3481 Aesch.
1101 3412 1216 3497 Suppl.
1244 3418 1306 3480 351

301 3538 393 3624 (397.
412 3536 516 3604 Wcll.
539 3533 758 3616 Ἀμφοτέρους
779 3533 918 3613 ὁμαίμων
943 3532 1012 3596 τάδ’
1038 3535 1202 3598 ἐπισκοπεῖ
1216 3534 1308 3618 Zetis)

299 3652 371 3725 Dii,
405 3651 531 3733 inquit,
565 3649 623 3732 qui
652 3659 866 3734 cognatorum
896 3669 1010 3714 curam
1041 3650 1196 3735 agebant,
1227 3651 1310 3715 dice-

301 3767 422 3831 bantur
454 3766 618 3846 ὁμαίμονες
649 3777 682 3826 et
709 3767 859 3846 όμόγνιοι.
906 3763 959 3831 Cf.
989 3766 1123 3833 Ruhnk.
1155 3770 1197 3832 ad
1223 3768 1307 3832 Tim.

300 3909 335 3972 p.
360 3885 439 3961 192,
466 3903 537 3967 sqq.

347 4003 422 4067 411.
448 3999 636 4084 Ἐμποδὼν,
659 3998 696 4066 Β.
724 3999 764 4065 ad
795 3999 872 4065 414.
891 3997 925 4062 in
948 4002 1083 4077 lenam..
1105 4001 1143 4067 A.
1166 4004 1207 4068 ad
1227 4003 1309 4076 tta.
