2988 5020
680 389 825 454 115ι

144 625 155 634 ·
200 594 354 680 τρέφὸυσα
386 597 426 658 τὰ
460 592 584 684 sinuo,
632 591 739 674 ἐπειδὴ
773 596 880 662 πάντα
913 595 953 656 τὰ
986 595 1096 676 ὄρνεα,
1132 589 1211 664 rell,

200 725 239 776 ut
273 711 314 777 A.
350 712 391 776 ad
426 712 491 774 277
529 710 577 793 (p.
606 710 730 776 172.1.
757 708 804 794 ³).
849 707 907 773 His
938 707 1032 774 lectio
1059 708 1149 794 vulg.
1171 707 1212 770 ad

200 827 342 892 verbum
366 827 598 902 confirmatur,
630 826 665 890 in
697 847 762 911 qua
791 826 847 906 δὲ,
880 846 922 890 ne
953 846 1042 889 nuno
1073 824 1114 888 ‹le
1143 843 1213 886 me·

201 954 255 1008 tro
273 944 401 1018 diuam,
432 943 511 1006 ferri
532 940 658 1027 nequit.
703 939 800 1026 Quod
823 940 961 1006 sentiens
982 937 1157 1005 Schutzius
1180 939 1215 1001 in

203 1060 252 1123 ed.
286 1081 305 1124 a
336 1059 433 1124 1808.
468 1057 558 1124 dedit
592 1058 750 1143 δράκοντα
783 1057 812 1122 δ’
837 1057 879 1132 ὥς
902 1081 950 1131 τις
972 1056 1091 1123 τέκνων
1113 1054 1215 1138 ‘'Tnsp

204 1173 332 1240 δέδοικα
359 1173 474 1261 λεχέων
507 1175 714 1261 δνςευνάτορα
742 1180 928 1259 Πάντρομος
958 1172 1101 1248 πελειὰς,
1124 1173 1215 1255 quod

148 1357 152 1364 ,
203 1311 272 1355 non
291 1290 383 1354 aliter
403 1305 510 1374 potest
532 1291 703 1374 explicari,
728 1312 828 1375 quam
850 1291 914 1366 sio,
937 1302 975 1354 ut
993 1291 1111 1354 chorus
1130 1288 1216 1352 dieat

204 1427 237 1472 se
249 1455 260 1487 ‚
293 1408 445 1490 pavidam
477 1407 686 1484 columbam,
719 1406 829 1472 liberis
863 1408 928 1472 suis
958 1407 1086 1472 timere.
1142 1406 1216 1470 Plus

204 1525 394 1608 proficimus
418 1545 457 1588 ex
478 1526 541 1590 hao
562 1523 668 1594 Schol.
694 1524 734 1589 A.
758 1523 987 1589 annotatione:
1012 1522 1125 1610 λεχέων
1149 1523 1215 1597 iva

205 1647 372 1726 εννήτορας
395 1645 573 1726 πάντροφος
595 1637 733 1724 πελειὰς]
761 1638 890 1726 λεχέων,
914 1642 999 1705 τοῦτ’
1024 1639 1107 1715 ἔστι,
1129 1665 1218 1723 νεμο-

204 1758 308 1838 μένων
331 1760 381 1822 ἐπὶ
404 1764 458 1838 τῆς
480 1757 603 1831 κοιλίας·
627 1764 746 1839 ταύτην
769 1760 838 1842 γὰρ’
852 1756 941 1843 λέχος
963 1750 1061 1823 εἶπεν.
1077 1761 1219 1831 -Δυς-

206 1881 374 1960 solitoque
405 1874 438 1939 δὲ
463 1874 666 1956 δνςευνήτους
689 1872 743 1939 διὰ
765 1877 821 1941 τὸν
844 1878 942 1962 φόβον
962 1879 1016 1940 τοῦ
1038 1875 1216 1960 δράκοντος.

207 1991 247 2055 Iu
280 1992 329 2054 his
366 1992 418 2055 vel
448 1990 562 2076 λεχέων
593 1971 825 2076 corrigendum
849 2004 918 2066 est,
941 1995 993 2057 vel
1014 1992 1218 2067 scholiastes,

207 2108 274 2191 ipse
296 2119 487 2190 corruptam
509 2104 683 2172 lectionem
709 2107 853 2182 habens,
885 2107 1025 2171 aliorum
1055 2108 1221 2189 interpre-

208 2226 366 2292 tationem
391 2237 518 2290 secutus
539 2235 604 2299 est,
627 2243 694 2287 non
717 2223 996 2299 animadvertens,
1020 2245 1093 2288 eam
1114 2226 1155 2289 ad
1172 2223 1220 2290 λε-

210 2345 308 2430 χαίων
336 2345 388 2407 vel
414 2340 540 2428 λιχελων
562 2341 747 2424 pertinere.'
781 2343 921 2427 Aspia»
946 2341 1078 2425 propius
1107 2343 1149 2405 ad
1178 2342 1222 2404 li-

206 2460 346 2524 brorum
380 2448 553 2524 lectionem
583 2457 728 2535 accedit,
758 2460 814 2523 sed
846 2479 1008 2544 nusquam
1032 2458 1219 2538 invenitur;

208 2596 269 2658 pro
301 2577 401 2640 altera
430 2577 538 2639 forma
568 2573 749 2661 analogiae,
785 2588 824 2639 ut
852 2576 999 2652 videtur,
1036 2577 1222 2654 contraria,
1256 2569 1266 2578 ”

145 2736 150 2742 -
208 2695 342 2758 affertur
367 2707 480 2758 tamen
499 2693 608 2774 Apoll.
631 2691 738 2758 Rhod.
760 2691 786 2757 1.
815 2694 902 2757 1183
924 2693 1046 2782 (λεχαίη
1069 2690 1220 2779 φυλλὰς),

210 2810 377 2893 Theophr.
406 2810 447 2872 de
479 2806 574 2873 Ceus.
606 2807 710 2872 Plant.
738 2807 800 2874 111.
832 2809 891 2886 26,
926 2810 986 2887 29,
1022 2809 1081 2874 ubi
1110 2823 1222 2876 tamen

208 2946 297 2992 nunc
318 2924 438 3012 legitur
456 2902 592 3010 λοχαῒοξ,
615 2925 766 3009 denique,
789 2926 1076 3011 nescioquoiure,
1099 2948 1221 2992 nomen

210 3043 330 3108 navalis
360 3039 608 3107 Corinthiorum
639 3047 798 3129 Λεχαῖον,
839 3046 927 3127 apud
959 3031 1098 3130 Hesyeh.
1131 3043 1221 3109 Suid.
1338 3047 1341 3055 “

210 3173 244 3225 et
265 3159 351 3225 alios.
398 3158 438 3222 Iu
461 3157 515 3234 iis,
539 3178 624 3241 quae
643 3160 742 3241 paulo
764 3171 836 3242 post
855 3159 891 3224 in
909 3159 1031 3224 scholio
1055 3160 1222 3245 leguntur,

210 3274 395 3361 Stephanus
413 3287 446 3340 et
464 3274 668 3351 tarachiae,
692 3296 727 3358 p.
753 3276 812 3339 101
836 3274 1012 3339 coniiciunt
1032 3274 1225 3357 δυςευνήτει-

211 3419 273 3481 ρα,
307 3392 508 3476 sasamon
545 3388 631 3455 nihil
653 3391 855 3456 mutandum
875 3403 921 3454 est
945 3405 1073 3474 praeter
1096 3414 1130 3458 v.
1154 3393 1224 3468 δυς-

211 3517 359 3594 ευνήτους
392 3530 455 3594 pro
499 3528 565 3595 quo
598 3507 782 3590 ivesdnproa
816 3507 1037 3573 scribendum.
1072 3509 1224 3591 ineptam

210 3630 386 3694 lectionem
415 3627 630 3717 (δράκοντα
660 3625 781 3692 τέκνων
813 3625 1012 3710 ὑπερδέδοικε
1050 3605 1225 3712 &vesuvii-

212 3749 332 3829 τορὰς
354 3742 492 3830 πελειὰς)
517 3765 584 3809 non
616 3743 742 3809 mirum
771 3756 839 3820 est,
865 3744 974 3828 inepta
1004 3768 1024 3811 a
1048 3742 1226 3812 Scholiasta

213 3860 378 3948 explicari.
402 3897 448 3910 -
469 3868 676 3948 Πάντροφος,
708 3863 813 3947 inquit
842 3862 950 3938 Dina,
980 3862 1006 3928 si
1030 3876 1119 3949 recte
1140 3866 1227 3950 lege·

212 3991 324 4056 retur,
361 3977 441 4041 nihil
466 3978 554 4045 aliud
574 3980 787 4065 significaret,
823 3998 922 4062 quam
948 3979 1136 4043 columbam
1161 3999 1228 4044 nu·
