3050 5034
702 543 744 606 09

223 747 384 830 exemplo.
401 763 404 770 ·
430 719 566 830 Antiqui
583 745 790 832 grammatici
810 746 1006 812 adtentum
1028 746 1158 842 εεωργες
1177 748 1237 811 nu-

226 876 306 928 cunt
330 885 349 928 a
373 861 466 939 λαὸξ,
491 862 578 936 λεὼς·
591 875 623 926 et
642 865 821 947 ἐργάζομαι,
842 867 969 927 ΕΡΓΩ
982 863 1069 950 (Hes.
1085 863 1238 947 λεωργὸν·
1332 887 1338 900 “

224 980 438 1064 ἀνδροφόνον,
462 980 575 1065 Etpm.
588 979 653 1054 M„
676 977 767 1046 Suid.
784 977 888 1064 s.v.);
913 983 1158 1056 redemerunt,
1182 983 1236 1046 de·

223 1097 308 1179 cepti
339 1097 465 1160 scholiis
497 1099 538 1160 ad
572 1118 604 1160 v.
633 1101 664 1159 5.
700 1097 795 1159 huius
827 1097 974 1172 fabulae,
1012 1097 1069 1161 ubi
1102 1096 1237 1182 λεωργὸν

225 1213 406 1296 explicatur
428 1217 483 1280 τὸν
507 1217 578 1286 τούς
601 1212 694 1287 lucie
717 1211 894 1278 πλάσαντα.
938 1213 1024 1288 Vere
1049 1215 1173 1280 notatio
1190 1227 1238 1278 est
1273 1207 1275 1212 ’

223 1329 340 1403 τελέως
364 1329 466 1418 (λείως
481 1328 637 1416 facile),
661 1332 751 1415 quod
774 1329 1044 1416 significationem
1075 1331 1237 1406 intendit,

223 1461 256 1512 et
278 1451 423 1524 ΕΡΓΩ,
457 1460 493 1512 ut
516 1447 645 1534 λεωργδς
669 1449 710 1512 eit
734 1447 928 1532 ῥᾳδιουρνός.
975 1447 1036 1534 (Η.
1056 1447 1171 1513 Herm.
1195 1450 1248 1512 ad*

224 1565 304 1632 Ant.
331 1565 441 1641 1261,
466 1565 657 1630 Archilochi
682 1567 802 1650 fragm.
830 1566 913 1641 101,
936 1564 1055 1648 Bergk.
1072 1601 1117 1616 -
1139 1571 1238 1649 Σκιρ-

223 1688 368 1766 τημάτων
385 1681 525 1763 νήστιδες
547 1685 648 1746 αἰκίαν
670 1696 746 1746 sunt
767 1689 959 1765 σκιρτήματα
979 1685 1067 1764 οιέικῆ
1079 1731 1088 1761 ,
1113 1685 1134 1748 ἅ
1157 1688 1243 1748 ποιεῖ

223 1825 260 1881 με
282 1806 402 1881 νῆστιν.
427 1801 470 1864 cf.
486 1798 548 1885 Ag.
565 1800 641 1863 186.
666 1801 763 1865 πνοαὶ
789 1798 941 1879 νήστιδες.
965 1800 1069 1866 Versu
1088 1797 1239 1884 sequenti

222 1931 311 1984 recte
335 1917 542 1982 Hermannus
565 1937 605 1981 ex
629 1913 738 1983 Schol.
762 1916 803 1981 A.
829 1917 888 2004 (ad
912 1918 990 1994 600,
1013 1920 1035 1982 l.
1058 1915 1102 2003 5.)
1130 1917 1239 2003 Ἥρας

227 2033 433 2116 interposuit.
523 2071 524 2074 κ

268 2147 379 2214 Schol.
410 2148 451 2214 A.
481 2151 522 2213 ud
552 2150 630 2212 624.
663 2147 762 2232 μηδέν
786 2171 839 2230 μοι
865 2151 1004 2234 aucupe,
1039 2151 1094 2212 sed
1117 2150 1237 2214 rectius

224 2270 313 2350 apud
345 2266 472 2358 Fnehs.¹
488 2264 642 2330 scribitur
670 2263 836 2348 μηδάμωε;
872 2265 1021 2350 beneque
1045 2265 1091 2328 ihi
1111 2266 1175 2356 *suh
1198 2269 1238 2336 fi,-

223 2407 301 2449 nem
322 2384 442 2469 legitur
463 2385 498 2446 τὸ
521 2403 590 2464 ρνοι
603 2383 669 2460 ern
707 2402 790 2467 quae
820 2382 908 2446 enim
928 2391 1110 2466 sequuntur
1137 2383 1239 2449 rerba

227 2501 392 2565 senarium
419 2499 577 2564 efficiunt:

309 2617 362 2682 “A
381 2616 432 2682 δεῖ
451 2617 520 2704 (χρὴ
529 2613 559 2699 l)
588 2615 751 2696 γενέσθαι,
775 2618 875 2678 ταῦτα
895 2619 948 2696 καὶ
968 2624 1142 2698 γενήσεται.

223 2732 380 2800 Similiter
400 2734 435 2796 in
458 2733 563 2798 verbis
576 2731 684 2798 Schol.
698 2731 739 2798 A.
752 2733 793 2796 ad
807 2733 884 2796 378.
906 2717 973 2796 duo
994 2735 1095 2808 latent
1109 2747 1237 2800 versure

336 2855 442 2930 Λόγος
466 2873 516 2914 τοι
533 2837 760 2934 ἱοἷνδρώντοιοιν
784 2852 870 2912 ἰᾶται
894 2851 1003 2922 νὸσονς

339 2973 462 3051 Ψυχῆς·
486 2971 579 3048 μόνος
598 2971 657 3050 γὰρ
680 2953 769 3040 οὗτος
793 2966 855 3052 ἔχει
878 2964 1062 3052 θελκτηρία.

270 3082 395 3167 [itique
416 3082 441 3146 si
466 3079 548 3146 haec
569 3103 637 3147 non
660 3083 727 3166 ipsu
751 3096 864 3166 poetae
888 3084 989 3148 verba
1009 3097 1096 3159 sunt,
1119 3098 1239 3168 putan-

227 3203 286 3268 dus
303 3213 350 3266 eet
361 3200 533 3283 respexisse
553 3201 592 3264 ud
611 3199 738 3266 dictum
756 3200 899 3264 eiusdem
919 3201 1106 3277 sententiae,
1131 3204 1239 3286 qualia

224 3321 320 3402 plura
342 3318 377 3382 in
400 3317 539 3401 antiquis
562 3315 663 3399 poetis
688 3319 852 3380 feruntur.
884 3315 927 3380 A.
956 3318 998 3380 ed
1024 3319 1087 3382 438
1124 3321 1159 3408 (l.
1180 3318 1235 3406 15)

224 3437 343 3501 alludit
367 3439 408 3500 ed
431 3435 558 3502 celebre
581 3434 708 3498 dictum

267 3561 358 3629 Νοῦς
375 3558 433 3639 ὁρᾷ
450 3557 503 3618 καὶ
525 3556 596 3625 νοῦς
616 3552 721 3615 sinouse
732 3597 741 3629 ,
765 3548 868 3614 τᾶλλα
889 3553 978 3632 κωφοὶ
998 3553 1051 3616 καὶ
1072 3551 1193 3634 topici,

229 3673 270 3734 de
289 3692 355 3755 quo
376 3673 420 3736 cf.
434 3669 584 3745 Naekius‚
609 3665 749 3751 Opuscc.
763 3667 876 3732 Philol.
890 3667 916 3732 1.
937 3689 970 3750 p.
990 3671 1060 3733 111.
1079 3705 1124 3718 -
1144 3669 1180 3734 Β.
1199 3672 1240 3736 ed

228 3789 281 3853 49.
316 3810 414 3871 supra
439 3785 569 3872 Hesiodi
596 3784 792 3852 sententiam
817 3786 972 3869 exprimit
1000 3785 1057 3874 (cs.
1084 3809 1166 3872 quae
1194 3788 1241 3854 ibi

121 3971 125 3980 ,
227 3906 348 3987 attuli).
369 3877 464 3971 Coni.
476 3919 643 3989 praeterea
652 3903 772 3979 Wolff,
782 3905 822 3968 de
832 3901 1069 3986 Sophscholiis
1082 3904 1239 4000 Laurent.

225 4044 260 4107 p.
283 4024 345 4099 24,
369 4019 478 4088 Schol.
500 4023 631 4088 Barocc.
654 4024 695 4086 ad
713 4019 813 4106 Sopb.
837 4020 889 4085 Αἰ.
911 4021 996 4097 292,
1019 4022 1109 4085 etde
1127 4021 1238 4089 Schol.

229 4144 267 4209 nd
290 4141 439 4225 Choeph.
460 4141 545 4215 319,
570 4137 657 4204 Pors.
675 4140 717 4203 ad
735 4137 821 4204 Med.
843 4139 917 4203 139.
