3050 5034
424 1081 1026 1184 rurnorrua

261 1795 472 1883 Scriptorum
492 1811 642 1864 veterum
660 1799 945 1882 interpretationes
965 1800 1114 1884 antiquas
1141 1813 1237 1886 quot-

215 1930 296 2000 quot
333 1929 473 1983 aetatem
516 1921 686 1994 tulerunt,
729 1930 906 2002 postquam
947 1917 1152 1982 intellectum
1190 1930 1237 1982 est

214 2053 335 2118 magna
367 2036 500 2118 quidem
530 2037 697 2100 doctrinae
726 2035 819 2117 copia
849 2055 914 2098 esse
938 2037 1092 2112 refertas,
1125 2035 1236 2098 iudicii

213 2171 292 2214 vero
317 2153 468 2216 acumine
494 2174 587 2234 saepe
616 2152 794 2226 destitutas,
820 2151 883 2214 viri
913 2152 1000 2214 docti
1029 2152 1062 2214 id
1088 2173 1239 2234 praeser-

214 2268 276 2332 tim
316 2290 412 2355 agere
449 2282 650 2353 coeperunt,
686 2283 723 2333 ut
758 2290 841 2354 quae
865 2267 1006 2351 dispersa
1034 2269 1069 2331 in
1092 2269 1130 2332 iis
1155 2272 1235 2333 late-

211 2399 287 2450 rent
316 2388 528 2472 antiquorum
557 2387 777 2471 scriptorum,
808 2379 932 2470 partim
950 2387 1248 2470 ,deperditorum,v

212 2506 398 2589 fragmenta
431 2518 589 2590 tanquam
621 2505 748 2569 tabulas
777 2526 794 2567 e
821 2505 995 2590 naufragio
1025 2505 1233 2590 colligerent,

214 2621 433 2703 explicarent,
456 2623 580 2687 iustum
605 2623 640 2686 in
664 2623 814 2686 ordinem
839 2620 1046 2708 redigerent;
1079 2623 1232 2706 antiquae

215 2741 432 2804 enarrationes
469 2740 554 2823 ipsae
590 2743 698 2804 solum
733 2743 784 2804 rel
816 2740 1030 2823 praecipuum
1061 2741 1231 2804 adiumen-

214 2873 286 2920 tum
320 2841 360 2920 ail
401 2863 575 2940 poetarum
615 2857 864 2942 intelligentiam
907 2857 1020 2922 haberi
1056 2859 1231 2924 desierunt.

155 2966 157 2975 ’
210 2973 278 3037 Etsi
300 2977 449 3054 prolecto
474 2977 667 3049 fatendum,
698 2974 723 3037 si
743 2975 813 3058 quis
836 2971 987 3059 antiquos
1015 2987 1160 3040 auctores
1182 2997 1230 3039 se-

208 3105 355 3176 quatur,
380 3112 457 3154 eum
483 3091 594 3155 multis
615 3091 694 3156 locis
718 3115 737 3156 a
760 3113 838 3156 vero
861 3114 953 3156 sensu
979 3094 1226 3170 aberraturum3

208 3231 283 3276 rere
314 3223 425 3274 tamen
460 3195 544 3272 mihi
574 3209 686 3275 videor
708 3210 875 3285 dicturus,
902 3211 963 3272 nisi
984 3210 1113 3286 omnia,
1142 3231 1227 3294 quae

208 3329 249 3392 ab
283 3328 344 3392 illis
376 3329 577 3403 afferuntur,
611 3327 781 3413 diligenter
816 3328 1041 3410 perpenderis,
1065 3329 1099 3391 in
1123 3350 1228 3413 quae·

206 3449 332 3522 reuda,
357 3465 519 3530 quaenam
542 3445 582 3507 sit
605 3443 740 3526 antiqua
763 3444 873 3518 lectio,
896 3444 1053 3508 iudicium
1077 3449 1226 3528 plerum·

207 3584 273 3646 que
304 3552 478 3642 vacillare,
509 3561 585 3627 alibi
618 3563 744 3625 fontem
775 3562 892 3626 erroris
912 3562 1227 3647 correctionisquea

204 3681 430 3764 grammaticis
451 3684 555 3744 factae
572 3680 735 3745 rationem
757 3682 867 3746 latere.
910 3681 1045 3745 Etenim
1067 3685 1224 3766 quemad·

206 3798 344 3859 modum
369 3798 403 3860 in
422 3797 514 3864 MSS.
535 3821 628 3882 saepe
650 3821 733 3883 quae
755 3797 853 3863 lectio
876 3799 986 3882 primo
1011 3800 1133 3863 iutuitu
1155 3804 1224 3884 pla·

207 3923 296 3985 caat,
325 3915 460 3999 cognitis
490 3915 653 3980 librorum
681 3902 765 3982 ¹vitiis
797 3918 917 3982 nullius
944 3937 1007 3981 esse
1026 3919 1225 3984 auctoritatis

201 4029 373 4115 arguitur,
396 4044 570 4118 veteraque
593 4033 793 4116 'exemplaria
816 4037 913 4100 surda
934 4038 1133 4122 plerumque
1151 4057 1222 4102 ora-

1118 4156 1139 4198 η,
