2988 5020
748 405 811 473 144

273 615 414 702 demque
438 627 586 699 tompore
607 635 684 678 cnut
709 615 810 679 iratre
832 613 904 680 Fati
929 615 995 682 rim
1019 585 1196 700 expertum
1214 641 1290 684 esse.

271 735 373 799 Recte
396 745 506 798 autern
528 734 658 796 monuit
682 753 790 797 versus
812 734 889 798 978.
911 745 943 798 et
962 734 1036 798 98οε
1057 737 1094 798 nd
1114 737 1226 801 τοίνυν
1244 730 1289 800 οἷ-

272 858 338 916 σοα
364 851 539 936 διαπερῶν,
565 853 631 914 ἐπεὶ
661 848 818 932 κατῆλθες
852 853 881 924 1,·
905 848 1017 926 πόλιν,
1041 851 1117 915 970.
1143 865 1176 916 et
1200 852 1286 916 981:

271 973 307 1036 od
344 968 372 1033 δ’
403 969 496 1036 οὐδὲν
531 971 658 1053 ὕστερον
680 967 929 1052 μαθὼν,’6ορός
953 994 987 1048 γε
1013 967 1087 1052 τῷδ’
1111 970 1286 1054 ἀντηρέτας

271 1088 454 1152 cohaerere.
485 1120 522 1136 -
560 1085 654 1148 Idem
677 1085 835 1168 interpres
858 1087 898 1150 ad
922 1107 954 1152 v.
977 1087 1053 1150 968.
1074 1083 1177 1150 babet
1200 1089 1285 1154 ὓστε-

268 1228 330 1288 ρος.
377 1201 430 1268 Cf.
454 1201 571 1266 Matth.
595 1204 613 1287 §
638 1203 713 1266 446.
735 1203 780 1281 8,
806 1202 846 1267 ll.
870 1201 996 1268 XVIII.
1019 1203 1096 1266 333.
1123 1207 1174 1267 σεῦ
1197 1206 1284 1270 ὕστε-

208 1341 217 1352 ’
268 1344 321 1407 ρος
348 1313 406 1404 εἶμ’
430 1323 492 1384 dud
515 1326 631 1400 γαῖαν,
655 1315 756 1402 Soph.
778 1318 830 1384 Αἰ.
858 1321 932 1383 195.
953 1307 1010 1383 dd'
1034 1320 1209 1407 ἀτάρβητος
1232 1325 1283 1404 όρ-

267 1449 330 1522 μᾲ,
356 1437 484 1524 Pflugk.
509 1439 550 1501 od
573 1437 643 1502 Alo.
672 1437 746 1502 150.
772 1437 848 1502 ἰ’στω
870 1461 929 1503 νυν
955 1435 1078 1518 εὐκλεής
1100 1462 1135 1516 γε
1159 1445 1283 1502 natea·

268 1555 424 1640 νουμίνη,
458 1554 558 1639 Sopb.
583 1555 633 1620 El.
655 1557 731 1621 630.
755 1559 911 1640 παρούσης
934 1553 1023 1636 stede
1045 1553 1179 1639 πλησίας
1192 1559 1258 1638 ε’μοί
1271 1603 1279 1632 ,

268 1673 436 1739 Wunder.
469 1675 511 1735 ad
543 1671 627 1736 Phil.
665 1673 763 1736 1062.
795 1675 952 1755 ὁρμᾶσθαι
977 1680 1097 1757 ταχεῖς,
1132 1671 1214 1740 Oed.
1241 1675 1281 1739 T.

269 1789 356 1865 699,
381 1811 450 1872 etp,
485 1789 584 1852 Eum.
609 1789 687 1852 214.
722 1789 763 1852 τὰ
795 1790 853 1871 μὲν
883 1791 942 1872 γὰρ
967 1782 1039 1852 οἶδα
1063 1795 1162 1874 κάρτα
1185 1795 1281 1858 σ’ἐν·

267 1905 489 1990 θυμουμένην,
524 1909 575 1971 Τὰ
601 1905 640 1971 ’δ’
667 1909 811 1988 ἐμφανῶς
835 1912 1034 1990 πράσσουσαν
1055 1909 1279 1994 ἡσυχαιτέραν.

267 2025 469 2093 adverbium
504 2027 632 2109 ὕστερον
655 2045 694 2088 ex
719 2026 986 2107 interpretatione
1006 2037 1143 2103 natun13
1168 2027 1281 2090 simili-

263 2158 313 2208 ter
345 2143 379 2206 in
400 2145 471 2207 loeo
501 2141 608 2206 Aiacis
631 2143 718 2206 laud.
739 2141 816 2205 libri
835 2143 1019 2228 οἱτὰρβητα,
1043 2117 1133 2227 quod
1158 2145 1277 2208 falsum

264 2281 328 2324 esse
343 2260 448 2324 hiatus
468 2258 597 2326 evincit.
970 2242 973 2248 ¹

110 2349 114 2357 .
178 2441 181 2446 ,
308 2377 384 2440 996.
415 2383 621 2459 ’Παρευνοῦν,
653 2376 680 2441 Β
713 2377 754 2440 ad
774 2376 858 2440 982:
881 2379 916 2442 τὸ
938 2379 973 2442 ἐν
1000 2377 1125 2460 εὐνοίᾳ,
1148 2385 1169 2462 ἤ
1189 2383 1278 2464 παρὰ

261 2496 320 2574 τὴν
347 2495 475 2557 εὔνοιαν
506 2494 622 2568 αὐτοῦ,
657 2499 756 2575 ἤγουν
788 2496 887 2568 ἐκτός.
931 2491 1045 2579 Neque
1080 2495 1273 2579 explicatio,

260 2631 366 2695 noque
393 2608 488 2675 lectio
506 2607 641 2693 probari
664 2622 790 2692 potest;
813 2633 926 2675 noma
951 2618 1104 2697 πάρευνος
1127 2633 1193 2678 non
1210 2619 1275 2679 for-

260 2742 372 2791 matur
406 2728 547 2792 verbum
583 2727 747 2812 παρευνέω
789 2728 864 2816 (pro
900 2734 1051 2814 πάρευνος
1086 2724 1184 2818 εἶναι)
1219 2733 1273 2794 sed

261 2849 490 2925 παρευνάομαι.
533 2851 700 2928 Πάρευνον
724 2844 777 2908 hio
799 2843 962 2930 signifieat
983 2848 1071 2930 quod
1100 2846 1178 2912 alibi
1201 2870 1274 2927 σογ-

260 2964 367 3042 ηενὲς,
403 2963 562 3042 σύμφυτον
592 2962 712 3024 dieitur
747 2959 860 3045 (Sopb.
891 2960 972 3027 Oed.
999 2962 1039 3028 T.
1071 2965 1174 3040 1082,
1209 2965 1270 3050 Ag.

263 3083 343 3155 107,
377 3079 464 3154 807,
499 3078 591 3143 Pind.
624 3076 677 3142 01.
704 3077 801 3144 XIII.
830 3077 902 3164 13),
938 3079 983 3144 ita
1016 3093 1128 3144 tamen
1158 3093 1197 3144 ut
1231 3080 1272 3146 si-

258 3200 330 3261 mul
364 3199 405 3260 ad
430 3193 605 3278 Oedipodis
630 3194 819 3280 coniugium
842 3195 1042 3279 respiciatur.
1091 3195 1194 3262 Huius
1216 3217 1272 3282 ge-

257 3313 342 3377 neris
377 3311 532 3398 ambigue
568 3312 652 3377 dieta
687 3314 792 3376 multa
826 3323 902 3376 sunt
926 3312 960 3374 in
983 3309 1034 3376 bis
1055 3313 1266 3378 carminibus.

258 3429 309 3498 Cf.
331 3451 362 3496 r.
382 3431 474 3506 897,
495 3429 583 3506 922,
608 3429 697 3504 930,
721 3430 798 3492 971.

268 3589 273 3597 -
300 3549 349 3613 De
370 3547 597 3614 distributione
617 3567 772 3612 versuum
796 3545 892 3610 huius
909 3546 1024 3611 cantici
1043 3548 1122 3610 haec
1146 3545 1269 3610 babent

257 3661 456 3728 scholiastae.
501 3663 642 3729 Versum
666 3665 744 3728 940.
769 3666 916 3738 παισθεὶς
952 3664 1083 3737 ἔπαισας
1106 3661 1214 3730 Sobol.
1240 3664 1272 3730 A

258 3779 312 3869 (ad
334 3775 414 3862 946)
439 3777 619 3861 Antigonae
642 3777 806 3844 adscribit.
852 3780 917 3865 Qui
939 3781 1086 3865 sequitur
1104 3801 1212 3844 versus
1226 3781 1270 3846 ab

254 3900 370 3964 eodem
400 3893 455 3982 (ad
475 3892 554 3978 947)
584 3894 730 3960 Istnenae
752 3897 860 3963 datur.
908 3897 1049 3964 Versum
1069 3899 1145 3964 958.
1167 3899 1271 3965 Anti·

256 4037 359 4105 gonae
386 4015 500 4108 tribuit
522 4013 547 4078 B
573 4014 625 4102 (ad
644 4013 747 4101 958),
770 4015 834 4079 963
852 4029 885 4081 et
899 4017 965 4082 964
981 4016 1039 4082 uni
1058 4036 1213 4100 personae
1238 4018 1270 4083 A
