2988 5020
742 375 803 436 100

271 603 333 664 νοορ
363 580 494 644 erixne
524 592 655 644 auctore
687 576 946 664 Clytaemnestra
972 579 1016 642 ed
1047 580 1156 662 ipsum
1179 588 1292 656 νεῖκος

269 700 473 762 transfertur.
520 701 630 780 Γάμος
665 698 831 781 φυξάνωρ,
859 693 976 780 Suppl.
1011 698 1051 760 10
1088 697 1291 766 Wellauero

271 814 453 902 significare
484 816 612 880 videtur
644 815 851 880 connubium
881 836 959 878 eum
994 817 1086 880 οἰνίτ
1110 837 1194 903 quos
1219 815 1292 902 su-

270 934 411 1020 pimmr
454 936 510 999 red
541 933 748 998 connubium
779 935 875 997 viror
902 931 1048 1019 fugiens
1074 954 1205 1008 vereor,
1243 955 1292 998 ne

273 1050 355 1113 nihil
383 1051 441 1129 τὴς
474 1050 710 1138 Bambergerue
741 1070 804 1133 pro
835 1050 997 1115 librorum
1029 1050 1169 1115 lectione
1192 1051 1291 1116 αὐτο-

274 1175 349 1250 νενῆ
388 1171 444 1236 τόν
481 1169 640 1254 puteum
672 1174 773 1252 νόμον
808 1203 855 1216 -
883 1166 1109 1250 ὀνοταζομόναι
1147 1168 1291 1238 coniecit

275 1271 439 1366 ἀότογενεῖ
461 1287 589 1374 (malim
609 1287 677 1350 fere
698 1282 877 1369 anroerte)
899 1286 1075 1369 φυξανορίᾳ
1096 1286 1187 1366 mciv.
1213 1284 1291 1350 Huc

277 1424 408 1488 quoque
429 1404 770 1489 reserendnuatiappet
794 1407 1003 1488 χοιροκτόνοι,
1021 1402 1119 1467 Eum.
1138 1403 1221 1481 273;
1244 1405 1290 1470 ef.

277 1519 339 1606 Ag.
374 1523 479 1596 1141,
503 1522 604 1606 srgm.
639 1521 733 1584 tue
768 1518 889 1608 (Strab.
915 1518 957 1582 X.
980 1541 1013 1603 p.
1037 1517 1134 1608 470):
1159 1517 1289 1598 πόλεμον

276 1637 515 1722 πυργοδάὶοοτοι,
539 1637 628 1703 Pers.
654 1638 736 1712 105,
760 1643 862 1710 πόόος
880 1634 1041 1720 φιλάνωρ,
1060 1637 1106 1701 ib.
1131 1639 1205 1712 133,
1226 1637 1246 1701 i.
1259 1658 1287 1701 e.

275 1761 378 1827 πόθος
408 1753 539 1838 οἷνδρὸς;
577 1752 637 1840 ng.
673 1755 749 1819 796.
771 1753 878 1835 ἐπειδὴ
904 1756 957 1818 nai
978 1760 1081 1834 πάγας
1100 1757 1288 1839 ὑπερκότους

277 1874 550 1958 Ἐπροιξάμιοθα,
586 1872 644 1938 ubi
679 1872 777 1939 Dind.
813 1895 853 1938 ex
885 1871 1015 1938 Heethii
1046 1885 1079 1938 et
1114 1872 1290 1958 Tprwhitti

276 1989 470 2056 coniecturis
492 1989 701 2056 scribendum
724 2002 820 2074 putet
842 1987 949 2071 ἐπειδὴ
975 1991 1138 2078 χᾶρπαγός
1161 1993 1288 2075 ὑπερτό-

277 2132 356 2183 πους
388 2111 455 2194 ἐπρ.
493 2109 683 2196 (mergimur
706 2119 867 2194 raptum,
893 2128 1041 2194 poenam
1056 2119 1204 2195 propter
1230 2129 1289 2172 ra·

272 2223 412 2313 ptum),
434 2238 522 2291 reete
551 2238 588 2289 ut
615 2238 714 2307 put0;
738 2247 817 2291 nem
840 2245 946 2308 neque
970 2228 1075 2304 πυγὰς
1098 2231 1290 2310 πράσσεσθαι

274 2342 472 2425 simplicitur
499 2342 635 2430 όυρυοοο
659 2341 793 2406 rendere
820 2342 1002 2428 significare
1024 2354 1148 2424 potest,
1184 2363 1290 2427 neque

278 2458 419 2522 Helenae
441 2459 593 2522 abductio
614 2461 722 2522 fuerat
740 2459 831 2524 dolus
848 2472 905 2524 aut
915 2457 1047 2524 insidiae
1059 2459 1100 2524 ab
1112 2459 1202 2524 iratie
1209 2460 1290 2524 Tro-

283 2577 363 2642 ienis
376 2573 508 2640 Graecis
522 2588 678 2641 structae.
699 2575 782 2642 Vide
795 2588 918 2656 tamen,
930 2596 1013 2640 num
1024 2585 1166 2658 praestet
1179 2581 1227 2642 ἐπ.
1239 2578 1293 2641 καὶ

278 2694 623 2778 παγάς-ἐφραξάμεσθα
643 2693 702 2780 (cf.
725 2714 755 2758 v.
780 2694 878 2767 1349,
898 2691 987 2776 Sept.
1007 2689 1181 2778 780),quo
1193 2696 1291 2758 modo

278 2815 466 2896 ὑπερκότους
502 2811 603 2874 teneri
639 2781 761 2892 potest,
796 2811 887 2894 quod
918 2810 1078 2896 signifieat
1109 2811 1290 2899 (incidiae)

277 2931 388 3020 gravi
410 2930 469 2992 ira
493 2939 660 2993 structae.
705 2927 843 2992 Paulum
868 2928 909 2992 ab
932 2928 987 3004 iis,
1011 2950 1094 3012 quae
1112 2926 1220 2994 adhuc
1241 2950 1293 2994 re-
1372 2954 1378 2961 ·

250 3057 253 3066 ’
280 3047 404 3122 censui,
435 3044 589 3124 differunt
612 3044 676 3130 Ag.
703 3047 802 3108 1556.
826 3045 939 3127 μανίαι
961 3043 1189 3129 ἀλληλοφόνοι,
1220 3049 1242 3111 i.
1263 3069 1292 3116 e.

280 3172 335 3248 τῆς
357 3161 607 3246 diligi-operias.
643 3160 759 3245 Suppl.
782 3163 859 3226 582.
885 3166 970 3228 νόσον
993 3162 1174 3249 ἐπίβουλοι,
1197 3165 1293 3249 eupi-

281 3281 323 3345 do
346 3279 565 3355 insidiandi,
595 3279 658 3366 Ag.
686 3281 782 3344 1457.
808 3279 882 3363 ἔρως
906 3277 1141 3366 αἱματολοιχὸς,
1176 3281 1293 3365 quibus

280 3399 358 3465 loeie
383 3400 474 3461 nullo
504 3419 612 3462 teneus
639 3395 825 3462 discrimine
852 3397 1012 3482 genitivus
1040 3396 1190 3462 infinitivi
1216 3397 1292 3482 poni

280 3528 419 3600 peteret.
474 3512 522 3580 Ac
561 3516 694 3578 fortasse
726 3515 792 3578 huc
825 3514 966 3597 pertinet
998 3512 1098 3579 Eum.
1131 3515 1194 3590 92,
1235 3513 1293 3586 ubi

283 3635 437 3712 ἐκνόμως,
461 3626 561 3691 vuldo
582 3648 643 3708 pro
670 3631 703 3691 ἐκ
727 3633 829 3710 νόμων
858 3651 936 3694 ουτοι
959 3627 1073 3694 Herm.
1091 3629 1294 3707 substituto,

282 3747 421 3834 legitur:

552 3857 635 3945 σέβει
658 3883 706 3923 τοι
728 3861 806 3934 Ζεός
832 3861 897 3926 τόδ’
922 3865 1057 3944 ἐκνόμως
1080 3864 1175 3950 σέβας

459 3979 636 4061 ὁρμώμενον
661 3981 818 4064 βροτοῖσιν
838 3979 988 4063 εὐπόμπῳ
1010 3985 1086 4068 τυχῃ
1097 4029 1107 4061 ,
