3050 5034
772 339 792 399 2

267 538 376 603 edidit
396 537 590 623 Geppertus,
616 542 657 605 ad
670 543 793 605 calcem
809 539 895 615 libri,
914 539 966 604 cui
979 537 1100 603 titulus:
1124 535 1288 603 DtaAtt-

274 657 491 742 griecbirclte
510 655 643 723 Brilme.
667 658 727 722 sed
741 654 805 721 hoc
819 657 901 720 nihil
912 658 952 722 ad
964 669 1108 720 nostram
1122 657 1286 732 fabulam,

275 772 309 834 in
342 795 406 856 qua
433 787 501 838 tarn
534 789 682 838 accurate
713 775 922 848 describitur,
947 776 1113 858 quomodo
1137 775 1285 855 deinceps

275 910 408 966 manus,
435 905 562 973 pectus,
587 895 706 967 latera,
731 913 843 966 crura,
867 891 962 972 pedes
983 891 1139 975 ligentur,
1162 902 1200 953 ut
1223 889 1286 952 mi-

247 1029 353 1091 ·rum
385 1011 485 1084 foret,
521 1010 545 1072 si
568 1008 624 1073 illa
657 1031 706 1072 res
727 1030 792 1072 nou
819 1008 921 1094 magis
946 1009 1112 1090 perspicue
1136 1020 1215 1071 esset
1238 1006 1286 1070 ei·

275 1125 437 1210 gnificata.
478 1126 811 1191 Praeterea'eiusdem
833 1125 982 1189 vocabuli
1007 1124 1165 1210 (πέτραις)
1183 1125 1284 1212 itera-

274 1243 341 1319 tio,
389 1243 553 1329 verbaque
594 1245 650 1309 illa
688 1245 836 1309 similiter
867 1245 1012 1307 cadentia
1044 1245 1123 1310 adeo
1155 1243 1284 1329 ingrata

273 1372 349 1422 sunt
375 1374 407 1423 et
428 1360 469 1423 ab
491 1362 554 1423 hoc
576 1359 648 1424 luco
670 1362 788 1436 aliena,
823 1372 860 1423 ut
884 1357 973 1422 haud
998 1360 1169 1434 dubitem,
1203 1359 1284 1442 quin

273 1479 406 1562 vulgata
428 1477 540 1550 lecti0‚
566 1497 667 1559 quam
685 1477 908 1559 Aristophanis
930 1476 1099 1558 interpreti
1122 1475 1175 1558 (a'd
1199 1477 1283 1542 Rau.

269 1594 366 1676 2827.)
386 1593 556 1667 debemus,
579 1595 674 1678 longe
693 1595 734 1657 sit
750 1595 973 1676 praeferenda.
998 1593 1037 1656 In
1050 1615 1115 1677 qua
1128 1596 1283 1678 quodper

265 1707 507 1774 -abundantiam
525 1708 686 1794 genitivus
702 1711 822 1794 δεσμῶν
840 1711 1007 1787 adiicitur,
1028 1722 1159 1774 tautum
1177 1711 1280 1786 abest,

270 1839 310 1890 ut
327 1829 482 1901 ostendat,
506 1841 544 1892 ut
560 1831 667 1891 multo
681 1828 782 1913 magis
793 1828 968 1913 genuinam
983 1828 1132 1912 Aeschyli
1145 1851 1284 1894 manum

272 1946 394 2008 referre
416 1945 573 2010 videatur.
607 1943 712 2027 Supra
733 1968 763 2009 r.
789 1948 817 2007 l:
839 1947 954 2030 χθονὸς
972 1943 1081 2010 πέδον.
1101 1944 1186 2008 Pers.
1208 1949 1281 2009 480:

264 2067 330 2142 ,γῆς
351 2061 461 2128 πέδον.
483 2060 572 2146 Sept.
593 2060 904 2145 286.Supp1.2572
929 2063 1030 2146 χώρας
1051 2060 1162 2128 πέδον.
1183 2063 1282 2128 Eum.

270 2179 353 2243 976:
378 2179 478 2263 φέγγη
499 2179 671 2262 λαμπάδων
692 2178 898 2263 σελασφόρων.
926 2178 1011 2243 Pers.
1038 2181 1121 2242 535:
1146 2179 1282 2264 λέκτρων

273 2297 373 2362 εὐναί.
404 2297 466 2382 Ag.
495 2300 569 2361 931:
592 2297 694 2380 δόμων
713 2296 869 2380 μέλαθρα.
900 2295 1011 2360 Prom.
1037 2297 1143 2360 10225
1162 2301 1282 2380 μακρὸν

262 2420 370 2496 ΑΙμῆκος
392 2417 514 2499 χρόνου.
536 2417 620 2478 807:
643 2421 729 2496 νᾶμα
751 2413 939 2488 Πλούτωνος
958 2418 1065 2498 πόρου.
1090 2413 1177 2495 Sept.
1199 2417 1281 2478 528:

273 2529 424 2596 κελεείδου
442 2535 546 2617 πόρος.
575 2532 674 2596 Eum.
696 2532 782 2594 283:
830 2533 987 2617 Τρίτωνος
1009 2533 1087 2614 ἀμφί
1113 2536 1207 2616 χεῦμα
1228 2557 1283 2611 yc-

275 2629 405 2716 νεθλίου
436 2654 548 2733 πόρου,
583 2650 641 2714 ubi
665 2662 776 2714 tamen
805 2674 873 2729 χεν.
894 2654 991 2733 πόρου
1010 2669 1069 2731 per
1094 2650 1283 2740 epexegesin

274 2767 420 2830 additum
444 2767 583 2830 videtur.
607 2765 695 2850 Sept.
724 2769 802 2831 188:
825 2765 988 2850 πηδαλίων
1011 2767 1175 2848 διαοοόμια
1191 2793 1283 2852 πυρι-

273 2890 404 2962 γενετᾶν
428 2882 578 2968 χαλινῶν.
599 2884 647 2947 ib.
670 2885 749 2948 540:
781 2883 847 2948 οὐδ’
867 2887 1045 2966 εἶςαμεῖψαι
1071 2889 1168 2969 θηρὸς
1192 2887 1284 2970 ἐχθί-

266 3021 347 3066 Δοτου
371 2998 484 3072 δάκους
510 2999 582 3064 εἰκὼ
605 3000 764 3084 φέρον-τα,
798 2999 870 3076 ubi,
892 3001 919 3064 ei
940 3003 1028 3064 locus
1049 3023 1142 3066 sanus
1166 3013 1213 3066 eet
1231 2999 1282 3087 ¹),

275 3113 433 3180 vocabula
454 3117 600 3202 ἐχθίστου
620 3115 735 3189 δάκους
757 3117 979 3199 coniungenda
989 3117 1160 3192 videntur,
1180 3119 1284 3201 aqu-i-

274 3231 336 3294 hus
356 3234 492 3313 pendeat
512 3236 620 3316 θηρός.
643 3230 695 3298 Cf.
718 3232 798 3298 Eur.
820 3231 920 3315 Hipp.
946 3234 1024 3298 651.
1051 3233 1131 3317 δάκῃ
1153 3239 1282 3319 θηρῶν,

275 3346 365 3431 Cycl.
388 3349 463 3411 325.
488 3355 616 3433 θήρειον
641 3348 744 3423 δάκος.
769 3385 814 3398 -·-
834 3349 1013 3414 Librorum
1034 3362 1067 3414 et
1087 3348 1282 3418 scholiastae

271 3465 367 3530 lectio
401 3473 510 3530 nostro
544 3470 615 3531 loco
649 3468 724 3532 inde
761 3481 836 3532 nata
868 3480 932 3545 est,
977 3471 1065 3553 quod
1106 3469 1234 3555 πέτραις
1264 3490 1283 3533 e

307 3747 333 3814 1)
365 3749 512 3812 Suspicabar
534 3751 654 3801 excidisse
671 3753 797 3803 obiectum
815 3760 872 3819 post
897 3749 1079 3823 είςοιμεῖψαι,
1105 3757 1209 3823 eiusque
1227 3757 1284 3806 loco

263 3839 348 3918 δνρδξ
371 3865 425 3900 ctae
449 3853 573 3915 potitum,
598 3855 647 3903 hcc
664 3855 754 3906 modo:
780 3849 1003 3925 υῦδέίςωμείιίαι
1024 3856 1128 3926 τεῖχος
1146 3841 1282 3928 exlium

272 3949 374 4016 δάκους
395 3947 460 4006 εἰκὼ
479 3946 613 4021 Φέρονται.
