3050 5034
717 463 759 508 xr·
800 451 804 462 '

245 649 406 735 πο1ἒμοισι
432 647 619 734 δμαθέντες)
642 654 748 731 Δίων,
773 651 951 736 ἀμαθέατες
972 637 1028 735 (sie
1052 651 1173 716 Blornf.
1195 669 1257 734 pro

246 773 339 855 vulg.
363 774 428 852 ἅμα
452 770 586 855 θέντες).
631 767 694 834 Sed
719 791 825 854 quurn
850 773 929 834 haec
954 771 988 834 in
1012 784 1152 856 utroque
1175 769 1257 835 Vos-

245 887 337 950 eiano
363 887 600 963 desiderentur,
639 909 744 972 neque
776 887 838 952 Dio
862 890 946 972 ullus
977 888 1175 962 innotuerit,
1200 886 1257 970 qui

245 1005 384 1090 tragicos
406 1004 627 1090 emendaverit
652 1008 702 1070 vel
727 1005 927 1089 explicuerit,
951 1027 1019 1070 non
1042 1005 1183 1068 nimium
1209 1004 1258 1068 hia

247 1122 483 1196 tribuendum,
515 1143 621 1206 quum
646 1123 833 1205 praesertim
867 1124 921 1187 illa
945 1123 1045 1187 verba
1074 1145 1094 1185 a
1122 1119 1257 1205 reliquie

243 1253 390 1323 separata
411 1241 505 1304 facile
537 1241 706 1324 corrumpi
741 1241 918 1324 potuerint.
964 1241 1171 1326 Argumento
1194 1237 1262 1302 Eu·
1289 1309 1290 1312 Ἴ

248 1357 418 1420 menidum
445 1357 480 1420 in
503 1357 642 1422 editione
666 1358 832 1434 Turnebi‚
865 1361 997 1422 fortasse
1019 1358 1118 1422 etiam
1140 1358 1174 1420 in
1203 1358 1260 1421 Al-

249 1475 350 1549 dina‚-
366 1473 602 1557 praescriptum
621 1477 771 1548 ὖπόοισις
795 1475 1059 1560 Ἀριστοφάνους.
1107 1459 1261 1538 Gloueua

248 1594 284 1656 in
307 1593 371 1664 roi,-
394 1589 639 1682 περῖΑῖσχόλοα
660 1595 772 1673 μαθων
794 1592 946 1656 laudatur
962 1588 1058 1654 initio
1074 1589 1261 1676 argumenti

247 1705 436 1772 Persarum.
483 1707 522 1773 ‘ot
544 1711 870 1790 ὑπομνηματισάμειοι
895 1708 929 1770 iu
952 1706 1041 1773 Voss.
1063 1685 1096 1772 2.
1120 1707 1161 1794 ad
1173 1705 1261 1772 Pers.

246 1826 316 1889 init.
342 1829 372 1889 οἱ
395 1827 723 1908 ὑπομνηματισάμενσί
738 1821 829 1906 (MS.
854 1820 982 1908 οἷπσμο.)
1003 1847 1099 1906 φασιν
1120 1827 1168 1888 ὅτι
1189 1830 1259 1889 ἑαυ-

246 1945 321 2016 τούφ
365 1941 488 2022 λέγουσι
528 1943 714 2023 πιστώματα
748 1943 881 2025 Περσῶν
914 1944 944 2005 οἱ
976 1942 1043 2006 aiud·
1069 1946 1123 2005 rori
1157 1944 1260 2026 φόρου.

246 2061 395 2145 Denique
419 2081 459 2122 ex
482 2057 657 2122 didascaliis
682 2057 782 2140 petita
801 2070 896 2133 aunt,
920 2077 1004 2141 quae
1020 2060 1175 2142 leguntur
1197 2057 1260 2122 ibi·

248 2180 324 2241 dem
347 2199 381 2258 p.
397 2177 487 2252 308,
509 2177 531 2238 l.
555 2177 596 2238 15
626 2174 756 2264 (Well.)
776 2187 809 2238 et
838 2171 874 2236 in
905 2185 1101 2258 argumento
1118 2177 1260 2260 Agame·

249 2293 391 2360 mnonie.
411 2324 456 2342 -·-
488 2291 689 2377 Allegorieae
711 2290 984 2372 interpretationis
1006 2293 1110 2353 multa
1130 2305 1206 2355 aunt
1225 2292 1261 2356 iu

246 2413 446 2478 Prometheo
466 2411 609 2496 vestigia.
655 2407 708 2474 Cf.
731 2406 839 2472 Schol.
858 2407 898 2473 A.
916 2408 958 2471 ad
980 2407 1090 2472 Prom.
1117 2410 1177 2485 14,
1203 2410 1256 2484 18,

250 2533 304 2607 42,
331 2533 405 2606 120,
430 2531 506 2607 253,
530 2526 639 2593 Schol.
662 2521 777 2591 Faehs.
801 2527 840 2590 ad
869 2527 950 2601 110,
974 2527 1059 2602 309,
1077 2528 1162 2601 347,
1183 2527 1259 2604 428,

250 2653 335 2724 451,
356 2649 441 2721 037,
475 2658 508 2709 et
533 2665 617 2728 quae
641 2643 727 2707 infra
755 2663 789 2726 p.
820 2643 871 2705 40.
899 2643 1004 2706 attuli.
1049 2635 1139 2709 Vota.
1165 2646 1194 2708 1.
1217 2646 1260 2708 ad

244 2785 277 2831 v.
306 2766 380 2828 120.
410 2764 467 2852 (of.
492 2760 607 2827 Cobet.
634 2762 658 2825 l.
672 2757 709 2841 1.)
733 2761 829 2836 οὕτως
852 2747 974 2842 ἀληθὴξ
999 2759 1061 2844 ἔχει
1076 2757 1177 2839 λόγος’
1198 2764 1257 2826 ἄν·

245 2891 371 2966 θρωπος
402 2877 441 2962 ἦν
473 2876 504 2959 (d
523 2877 654 2964 Προμ.),
685 2881 777 2961 σοφὸς
802 2877 836 2942 δὲ
860 2877 906 2943 ὤν
931 2881 974 2951 εἷς
997 2867 1146 2944 nectitur
1169 2879 1257 2961 μετέ-

247 2997 347 3062 πλασε
371 2999 443 3070 τούς
474 2997 687 3080 ἀνθρώπους,
722 2993 805 3059 ἀλλὰ
829 2997 883 3058 καὶ
904 2987 1043 3060 ili-dtur
1073 2997 1107 3062 ἐν
1131 3003 1171 3080 τῇ
1191 3019 1258 3060 πα-

246 3114 371 3200 παλαιᾷ
396 3113 540 3198 κωμωδίφ
565 3117 658 3197 φησὶν
681 3115 714 3180 ἐν
737 3119 923 3195 Σοφισταῖς·

289 3235 477 3317 Προμηθεύς
508 3229 591 3320 [γάρ]
620 3235 705 3296 ἐστιν
733 3232 916 3315 ἀνθρώποις
944 3235 965 3296 ό
992 3235 1075 3305 νοῦς.

279 3349 388 3418 Schol.
398 3349 505 3433 Apoll.
517 3349 625 3414 Rhod.
636 3348 681 3412 II.
693 3349 789 3411 1252.
801 3350 995 3432 Θεόφραστος
1006 3349 1119 3433 (quern
1132 3362 1258 3415 constat

245 3471 370 3535 librum
389 3463 549 3552 seriptisse
572 3469 649 3551 πρὸς
661 3464 825 3551 Αἰσχύλον
835 3509 845 3543 ,
857 3467 899 3531 cs.
912 3465 1008 3552 Diog.
1017 3465 1127 3533 Laiirt.
1141 3466 1182 3533 V.
1199 3465 1259 3553 49)

248 3588 282 3654 δὲ
295 3592 349 3655 τὸν
360 3585 536 3673 Προμηθέα
549 3587 622 3667 φησὶ
645 3586 742 3665 σοφὸν
764 3587 947 3666 γενόμενον,
961 3583 1151 3666 μεταδοῦναι
1174 3589 1258 3669 πρῶ-

245 3730 301 3773 rou
324 3713 390 3779 τοῖς
413 3706 596 3788 ἀνθρώποις
633 3699 839 3784 φιλοσοφίας,
862 3703 941 3767 ten
975 3705 1029 3766 καὶ
1064 3702 1258 3785 διαδοθῆναι

247 3831 303 3888 τόν
325 3827 429 3903 pilton
458 3827 500 3896 ὡς
525 3827 589 3907 ἄρα
621 3823 716 3906 πυρὸς
745 3817 904 3903 μεταδοίη.
952 3817 1174 3899 Christianum
1198 3823 1258 3886 ho-

245 3940 372 4004 minem
397 3943 541 4022 produnt
564 3941 667 4004 schol.
692 3936 753 4023 Ag.
770 3939 844 4001 167.
889 3940 991 4001 Τοῦτο
1017 3936 1051 4000 δὲ
1074 3939 1180 4020 ὅμοιόν
1194 3942 1260 4004 ἐστι

244 4063 300 4142 τῷ·
347 4060 532 4139 Ἐμνήσθηι
557 4061 611 4121 τοῦ
643 4059 720 4120 0εοῦ
747 4057 801 4118 καὶ
827 4055 1009 4140 εὐφράνθην
1042 4054 1163 4141 (Pealm
1183 4056 1258 4123 XV.

245 4177 284 4250 8,
309 4170 377 4254 01).
424 4170 532 4239 Schol.
555 4171 645 4242 Voss.
672 4177 701 4240 1.
729 4175 770 4236 ad
795 4172 908 4238 Prom.
932 4173 1009 4241 986.
1026 4180 1102 4250 παῖς
1125 4176 1183 4260 γὰρ
1206 4173 1261 4239 λέ.
