3050 5034
722 583 765 647 48

231 789 322 876 ἕδρης
346 794 545 866 tolerarunt,
580 786 685 853 miror.
706 785 768 852 hoc
790 789 861 852 loco
886 789 918 853 in
932 793 1042 874 ’ἄκρην
1067 785 1244 854 offendisse.

232 896 275 972 si'
290 912 368 974 haec
392 929 460 972 non
482 907 555 971 satis
580 907 802 972 defenduntur
819 907 887 970 nliis
908 905 1020 972 formis
1041 905 1172 981 ionicis,
1194 907 1246 970 vel

231 1027 329 1110 epicis
356 1026 484 1109 potius,
516 1045 599 1109 quae
622 1027 747 1089 multae
773 1024 812 1087 in·
832 1023 964 1109 dialogis
989 1043 1122 1106 quoque
1146 1023 1245 1108 tragi-

223 1164 350 1209 corum
374 1157 449 1208 sunt
474 1143 620 1232 (μοῦνος,
656 1143 774 1220 ξεῖνος,
811 1145 970 1221 γούνατα,
1006 1142 1070 1205 dal.
1101 1142 1185 1221 plur.
1211 1139 1245 1202 in
1313 1149 1316 1154 '

230 1275 314 1347 ·ῃσι“,
337 1263 510 1346 ὑπείροχος,
534 1261 638 1324 ionica
660 1263 768 1324 forma
790 1259 824 1322 in
844 1256 945 1323 choro
968 1281 999 1321 v.
1020 1257 1100 1332 426,
1125 1256 1245 1322 πωλεό-

232 1403 324 1461 μενον
350 1402 380 1444 v.
405 1381 487 1454 648,
512 1384 686 1462 πύρπνοος,
710 1377 831 1441 Blomf.
854 1377 894 1440 ad
914 1397 947 1440 v.
965 1377 1043 1439 953.
1067 1377 1110 1440 cf.
1128 1375 1243 1440 Valck.

233 1498 275 1559 ad
299 1495 398 1578 Hipp.
425 1493 550 1580 1432),
576 1509 714 1578 uterquc
738 1496 827 1558 locus
851 1493 1058 1578 corrigendus
1079 1505 1158 1558 crat.
1182 1491 1246 1557 Sed

225 1626 373 1697 ⁴utraque
394 1615 502 1676 forma
523 1626 569 1677 est
593 1613 628 1675 in
641 1611 843 1687 narratione,
868 1632 951 1694 quae
964 1613 1146 1674 admodum
1157 1610 1246 1674 simi-

233 1729 271 1794 lis
292 1743 338 1794 est
357 1735 477 1816 ῥήσεοιν
501 1729 702 1810 (ἕννελιναῖς,
735 1730 768 1792 in
793 1727 909 1813 quibus
932 1740 1060 1792 constat
1084 1729 1244 1814 tragicos,

233 1848 337 1933 magis
365 1869 466 1932 quam
499 1848 531 1911 in
565 1847 719 1932 reliquis,
743 1868 775 1910 se
798 1849 839 1910 ad
864 1847 1033 1930 epicorum
1055 1849 1245 1928 exemplum

233 1968 461 2029 conformasse.
508 1963 617 2049 Quare
644 1966 840 2038 videndum,
875 1987 916 2028 ne
941 1965 995 2028 hic
1020 1965 1183 2039 codicibus
1206 1965 1246 2028 sit

234 2082 491 2164 obsequendum.
514 2117 560 2131 -
593 2081 706 2164 ‘'Aa-<ta
730 2094 776 2144 est
799 2103 958 2144 cacumen
992 2081 1045 2168 (Il.
1072 2081 1130 2146 IV.
1158 2085 1243 2157 425,

233 2198 323 2263 XIV.
340 2200 393 2262 36.
420 2196 501 2262 Call.
518 2197 552 2260 in
572 2198 643 2261 Del.
664 2199 737 2272 104,
758 2195 845 2282 171.)
872 2198 1116 2281 etsignificatur
1133 2199 1245 2262 cliuus

233 2315 377 2380 Lernae.
424 2313 531 2378 Schol.
555 2326 618 2380 vet.
640 2313 731 2378 Piud.
754 2313 794 2380 Ο.
810 2314 888 2380 VII.
905 2315 968 2391 60,
992 2323 1014 2397 ἡ
1033 2316 1141 2398 Λέρνη
1163 2321 1244 2380 κατὰ

232 2435 290 2514 μέν
315 2457 404 2506 τινας
429 2439 548 2516 κρήνη,
574 2436 655 2496 κατὰ
681 2431 715 2497 δέ
740 2457 830 2506 τινας
855 2431 1011 2518 λοχμῶδες
1034 2435 1157 2519 χωρίον.
1196 2434 1244 2498 De

232 2553 341 2634 prima
363 2551 485 2636 syllaba
507 2551 538 2613 in
560 2555 656 2635 ἄκρος
673 2554 832 2635 producta
850 2553 892 2615 cf.
916 2553 1000 2629 366,
1023 2574 1132 2635 supra,
1157 2553 1242 2618 Pers.

231 2671 316 2746 650,
342 2668 487 2751 Chocph.
515 2670 592 2732 680.

275 2787 353 2852 685.
378 2791 447 2868 Γῆς
471 2789 547 2869 πρὸς
571 2794 641 2868 γῆν,
666 2784 905 2852 ScholFaehs.
928 2791 969 2851 ad
985 2790 1066 2866 679,
1093 2787 1241 2877 (quicum
1351 2779 1378 2810 '⁸

232 2903 391 2967 consentit
413 2901 503 2967 Voss.
531 2899 577 2990 1.)
609 2915 641 2966 et
666 2902 703 2967 B.
728 2905 768 2967 atl
794 2905 870 2968 682.
904 2909 976 2985 Γῆν
1000 2907 1059 2988 πρὸ
1082 2913 1138 2988 γῆς
1165 2907 1243 2992 legi-

231 3018 352 3084 timam
375 3040 438 3083 asse
459 3021 749 3097 constructionem,
774 3023 998 3086 demonstrant
1018 3024 1244 3106 eopiaenbre‘

233 3138 332 3213 schii,
356 3159 390 3220 p.
411 3139 465 3212 38,
490 3150 522 3200 et
541 3136 662 3201 Blomf.
681 3140 773 3224 gloss.
792 3141 833 3203 ad
853 3142 887 3203 h.
901 3143 942 3215 1.,
966 3163 1004 3204 ex
1025 3141 1144 3224 quibus
1165 3143 1244 3206 haec

228 3275 375 3338 appono:
401 3252 499 3317 Arist.
524 3254 666 3318 Acharu.
693 3255 769 3319 235.
795 3259 848 3318 καὶ
871 3255 997 3320 διώκειν
1022 3256 1091 3343 (τὸν
1114 3261 1243 3322 Δικαιό-

230 3371 338 3464 πολιν)
364 3378 423 3452 γῆν
446 3373 506 3455 πρὸ
532 3380 607 3452 γῆς,
642 3369 733 3436 Suid.
757 3395 788 3436 v.
813 3375 872 3455 πρὸ
895 3380 971 3454 γῆς,
996 3373 1057 3452 ἐγὼ
1083 3374 1117 3438 δὲ
1141 3382 1243 3456 φεύγω

231 3496 291 3571 νῆν
310 3493 369 3573 πρὸ
387 3495 443 3569 γῆς
453 3537 463 3568 ,
488 3488 622 3550 Lucian.
639 3487 732 3551 Alex.
750 3488 808 3575 (11.
827 3509 860 3569 p.
875 3491 951 3553 252.
977 3490 1114 3576 Hemst.)
1139 3516 1166 3556 r.
1188 3496 1242 3559 46.

231 3608 294 3672 ilisa
319 3615 378 3689 γῆν
405 3609 464 3691 πρὸ
489 3613 545 3686 γῆς
575 3604 764 3696 &innascitur
786 3609 829 3678 ὡς
852 3607 957 3692 ἀσεβῆ.
1009 3607 1252 3676 Grammaticis

231 3736 340 3787 tamen
356 3725 479 3810 legibus
501 3721 695 3788 Scholiastae
709 3723 804 3788 lectio
826 3743 891 3788 non
909 3738 1045 3812 pugnat.
1079 3726 1130 3793 Cf.
1142 3726 1241 3810 Soph.

232 3841 386 3916 131896,
412 3841 495 3906 Phil.
515 3843 592 3905 630.

275 3959 352 4020 690.
378 3959 416 4022 Α.
439 3961 478 4022 ad
500 3959 577 4022 687.
601 3956 711 4044 ἄπεχε]
738 3962 852 4024 σιώπα.
899 3959 987 4026 Hanc
1017 3963 1072 4045 qui
1096 3965 1241 4048 scripsit,

230 4076 320 4160 ἔπεχε
344 4073 423 4160 legit
441 4071 705 4159 (cf.Abresch.);
732 4079 828 4140 male.
847 4073 956 4141 Schol.
975 4077 1002 4139 F
1004 4081 1087 4144 aehs.
1107 4084 1147 4144 ad
1165 4085 1242 4147 691.

230 4193 622 4275 Λοῖματα-(ὶποτρόπαια,
647 4191 695 4254 διὸ
721 4195 773 4255 καὶ
797 4197 894 4277 ἄπεχε
920 4188 1015 4260 εἶπεν.
