2988 5020
687 411 725 472 71

186 635 371 702 praegressa
394 635 495 698 quom
515 617 556 679 ad
582 619 696 698 poetae
718 613 817 680 verbe
833 613 998 678 attendens
1018 635 1038 677 a
1060 633 1135 678 vera
1153 616 1207 678 le==

187 735 294 798 ctione
313 731 509 798 oberravit*
533 732 573 796 In
594 732 727 817 reliquie
746 735 929 819 χρίμπτεται
956 737 1035 822 (non
1055 735 1200 821 ingruit

186 853 243 920 sed
258 851 361 938 fucit
383 863 425 916 ut
448 843 610 940 r’r‘rqmut)
633 851 777 916 fectitiva
799 850 1035 937 significatione
1055 852 1199 934 positum

187 970 369 1034 inauditnm
392 982 456 1045 eet,
488 982 521 1033 et
548 968 715 1052 sequentia
744 962 899 1042 ποτᾶται,
928 969 1032 1054 βρέμει
1056 967 1201 1032 subiecto

187 1100 320 1166 cerent3
355 1107 394 1150 ex
430 1107 495 1170 que
530 1084 718 1150 difficultate
753 1097 791 1148 ut
821 1105 854 1148 se
891 1085 1059 1167 expediat,
1091 1082 1200 1150 Schol.

187 1202 274 1270 Med.
298 1203 533 1286 interpretatur
557 1202 620 1287 ἔχει
654 1201 755 1286 (recte
785 1201 872 1266 Vict.
903 1200 983 1288 ἠχεῖ)
1023 1201 1075 1277 δὲ,
1109 1205 1201 1284 φησί,

187 1324 304 1406 τρόπον
333 1321 486 1402 ποταμῶν
522 1322 562 1383 τά
592 1317 686 1383 πεδία
710 1325 764 1401 τῆς
786 1325 841 1400 γῆς
861 1344 934 1402 μου,
953 1317 1141 1406 -βρέμει,
1165 1330 1202 1382 ut

187 1437 336 1514 videtur,
360 1438 402 1502 od
433 1435 530 1502 πεδία
559 1437 720 1514 relerens;
756 1437 811 1500 red
839 1435 885 1500 ric
913 1436 1033 1518 pendet
1053 1443 1202 1500 ποτᾶται.

189 1559 283 1622 Βοάν
304 1575 365 1638 pro
388 1558 450 1642 βοαί
465 1553 610 1636 positum
634 1566 701 1628 cet,
736 1564 775 1618 ul
797 1552 880 1618 πεδί’
902 1551 1076 1618 ὁπλόκτυπ’
1099 1553 1203 1636 expli·

187 1673 252 1736 cn'ri
275 1684 390 1755 ponet.

276 1788 320 1854 II.
366 1788 556 1871 Ἔλιδεμιιίς
584 1787 855 1862 πεδιοπλόιιταπός

367 1913 409 1971 Tr
436 1909 618 1993 χρίμπτεται
642 1911 721 1994 βοά,

188 2045 265 2088 cum
286 2044 356 2088 rur.
382 2026 471 2088 lectt.
496 2022 669 2106 ἑλιδάμιας
690 2036 723 2087 et
742 2023 800 2086 nirl
821 2049 868 2109 χρ.
915 2023 954 2086 In
976 2023 1024 2086 hie
1046 2023 1126 2085 nihil
1139 2035 1200 2098 est,

189 2141 278 2222 quod
310 2139 442 2222 probari
478 2139 598 2221 possit,
632 2140 692 2204 nisi
726 2142 812 2203 forte
835 2139 999 2222 ἑλιδιμιὰς
1023 2151 1079 2204 aut
1102 2137 1201 2204 ἑίέδε-

187 2280 266 2338 μας,
288 2257 345 2320 sed
365 2255 555 2341 significatio
576 2255 660 2320 illine
682 2255 831 2320 vocabuli
853 2255 934 2318 mihi
955 2255 1031 2320 lruic
1051 2258 1122 2320 loco
1140 2256 1201 2318 nri-

188 2395 249 2438 nur
274 2393 422 2460 congrua
443 2372 582 2438 videtur.
610 2372 668 2438 Cf.
683 2373 780 2437 etiam
804 2372 885 2438 ch.
910 2372 1049 2458 Paralip.
1072 2395 1105 2456 p.
1125 2374 1201 2439 226.

163 2527 168 2536 ·
256 2491 317 2558 III.
364 2489 553 2571 Ἐλιδεμαάς
576 2515 609 2554 τε
630 2488 902 2564 πεδιοπλόκταπος

367 2612 438 2672 ’sect
460 2609 655 2695 χρίμπτεται.
677 2611 738 2696 βοᾷ
749 2655 759 2687 ,
783 2610 852 2673 rell.

187 2724 468 2800 Πιδιοπλόιιτοπος
485 2739 518 2790 et
541 2730 601 2812 βοὰ
622 2738 659 2789 ut
683 2726 940 2810 coniungantur,
968 2728 1080 2792 suadet
1102 2730 1201 2812 ἁρμα-

187 2849 340 2918 τόκτυποο
363 2846 492 2930 ὄτοβος,
515 2841 602 2907 infra
629 2842 700 2908 186.

258 2959 317 3026 IV.
365 2957 481 3048 [Ὠσίι]
504 2962 723 3045 ἐγχρίμπτοται
752 2963 822 3047 βοά.

233 3076 367 3150 Restat,
400 3088 438 3139 ut
462 3094 546 3160 qnae
575 3075 670 3140 lectio
703 3097 780 3140 vero
810 3080 861 3142 vel
896 3098 972 3142 vero
993 3076 1143 3160 proxima
1162 3076 1203 3140 eit

187 3190 395 3258 diiudicetur.
445 3191 488 3260 Ut
503 3205 624 3256 ¹autem
643 3193 684 3258 ab
705 3193 742 3258 iis
765 3194 941 3277 incipiam,
972 3213 1055 3277 quae
1075 3193 1109 3256 in
1129 3213 1202 3257 ver-

187 3312 236 3378 bie
270 3311 437 3399 tlte-poci
470 3311 602 3396 reliquie
631 3311 794 3375 minorem
818 3314 1020 3394 corruptelae
1051 3311 1202 3394 euspicio-

187 3451 265 3494 nem
294 3441 448 3504 movent,
479 3426 749 3501 πεδιοπλόιιτοπος
776 3430 836 3514 βοαὶ
865 3448 932 3491 non
954 3427 1088 3502 dubito,
1120 3428 1202 3512 quin

187 3547 350 3633 Aeschylo
378 3543 535 3611 vindicari
556 3545 665 3627 poerit.
710 3543 989 3619 Πιόιοπλόιιτοπος
1017 3545 1201 3610 enimcum

187 3662 380 3728 Hermanno
410 3662 513 3728 active
539 3659 691 3743 dictum,
726 3661 1010 3745 compositumque
1045 3675 1127 3744 puto
1161 3683 1201 3726 ex

190 3777 355 3844 vocubulis
367 3779 478 3846 πεδίον
495 3791 528 3844 et
543 3777 764 3856 ὁπλοιιτοπιῒπ
788 3780 874 3842 unde
887 3778 1090 3865 intelligitur,
1102 3777 1203 3844 verba

189 3892 461 3976 πιδιοπλὸιιτοπος
495 3895 581 3978 (vel,
615 3897 704 3981 quod
736 3895 925 3959 Hermanno
961 3896 1083 3978 placet,
1119 3894 1202 3960 πεδί’

187 4010 397 4098 ὁπλοιιτίποο)
417 4016 477 4100 βοὰ
494 4011 674 4098 siguificare
694 4035 832 4091 renum,
854 4034 952 4098 quem
969 4012 1202 4100 complodunt
