2988 5020
757 437 820 501 132

282 645 363 710 nihii
395 657 462 722 est,
511 645 600 728 quod
635 655 750 730 cogat,
793 641 918 726 ubique
953 642 1090 705 eundem
1131 640 1301 706 restituere

284 765 438 828 formem.
484 761 546 826 Hic
566 761 701 846 quidem
726 763 808 839 γόων
832 777 962 843 prorsus
987 758 1204 824 necessarium
1232 773 1300 836 ατη

287 899 366 944 nem
389 891 538 943 contorto
562 879 647 942 foret
666 877 863 942 constructio
885 875 968 940 ἀλλὰ
988 880 1063 957 γόον
1081 875 1214 960 ἐρίσσετε
1229 878 1302 940 κατ’

287 992 379 1082 οδρον
411 1003 513 1083 χεροῖν
538 1000 699 1078 πόμπιμον
727 996 806 1076 α’μιγὶ
832 996 943 1077 κρατί,
978 1013 1045 1078 quo
1072 996 1173 1057 modo
1202 992 1304 1058 rerba

286 1114 447 1180 ordinavit
470 1112 579 1178 Schol.
609 1111 701 1180 Voss.
728 1113 768 1186 2,
791 1112 914 1196 inquo
935 1112 1014 1175 haec
1035 1109 1210 1193 explicatio
1233 1124 1302 1175 est:

286 1229 369 1296 σίλλὰ
403 1237 524 1316 θρῆνον
558 1229 690 1314 ἐρέσσετε
728 1230 782 1291 καί
808 1235 921 1294 κινεῖτε
952 1229 1000 1314 (ἐκ
1026 1233 1203 1311 μεταφορᾶς
1239 1229 1305 1294 τῶν

289 1345 462 1432 πλεόντων)
493 1349 549 1412 otis
570 1355 612 1430 τῇ
637 1344 845 1432 προοδευούσῃ
872 1349 991 1430 κρούσει
1015 1347 1080 1410 τῶν
1105 1347 1217 1430 χειρῶν
1239 1347 1305 1409 τῶν

290 1469 343 1530 tut
365 1473 420 1548 τῆς
443 1468 555 1549 κρατὸς
581 1467 635 1528 καί
658 1471 714 1546 τῆς
741 1461 886 1545 κεφαλῆς.
932 1461 984 1526 Ad
1006 1475 1174 1545 sequentes
1195 1481 1305 1525 versus

289 1581 397 1649 Schol.
430 1582 523 1648 Voss.
551 1579 686 1647 πίτυλον
717 1583 751 1654 ὃς
780 1577 862 1664 αἰὲν]
888 1581 971 1653 δςτις
994 1583 1103 1659 σ’γόος
1128 1581 1217 1654 eide,
1251 1578 1305 1642 διὰ

290 1703 428 1776 παντὸς,
456 1699 610 1783 διέρχεται
631 1701 688 1763 τὸν
711 1697 911 1781 Ἀχέροντα,
941 1698 975 1770 ὃς
1006 1699 1070 1761 ἐστι
1094 1700 1232 1778 πόταμσς
1251 1700 1306 1761 τοῦ

290 1817 416 1882 Ἅιδου
436 1814 467 1903 ¹)
501 1820 583 1878 κατὰ
614 1819 673 1896 τὴν
698 1811 891 1878 πολύστονον
903 1810 938 1897 δ)
968 1811 1141 1880 ναύστολον
1165 1813 1307 1898 δεώριδα

291 1937 351 2016 τὴν
363 1935 435 2006 τούς
449 1934 575 2017 νεκρούς
584 1929 613 2016 3)
632 1931 804 2012 διάγουσαν
816 1933 892 2017 πρὸς
905 1933 960 1997 τὸν
972 1929 1110 2014 Ἅιδην,
1122 1935 1181 2012 τὴν
1194 1932 1304 2018 ἀστιβῆ

294 2048 498 2127 Ἀπόλλωνι,
519 2053 562 2123 εἷς
581 2053 620 2132 ἣν
641 2050 677 2114 οὐ
698 2052 800 2136 στιβεῖ
814 2046 844 2131 ⁴)
863 2051 883 2112 ὁ
899 2045 1091 2124 Ἀπόλλων,
1106 2047 1176 2111 ἀλλ’
1200 2051 1220 2112 o‘
1236 2037 1306 2112 xc-

249 2221 253 2226 .
295 2194 368 2254 ροσν,
381 2172 422 2250 ἣν
439 2167 507 2234 οὐδ’
525 2166 717 2252 όῆλιοςδρᾲ,
736 2170 795 2248 τὴν
815 2171 937 2238 πάντας
957 2163 1127 2252 δεχομένην
1148 2166 1307 2238 τούςάπο-

293 2295 493 2369 θνήσκοντας
503 2289 546 2359 εἷς
558 2286 664 2367 α’φανῆ
677 2308 710 2348 τε
725 2283 832 2370 χίρσον
844 2283 1005 2370 ἀμείβεται
1017 2283 1080 2347 dno
1089 2288 1206 2349 κοινοῦ.
1217 2282 1306 2348 Voss.

295 2405 328 2470 2.
351 2406 449 2485 paulo
472 2415 545 2486 post
566 2402 710 2466 scholion
730 2401 830 2466 habet
850 2401 892 2464 ab
917 2401 979 2464 hoc
999 2421 1118 2482 perum
1132 2402 1304 2476 diversum.

294 2519 331 2584 in
355 2539 421 2604 quo
444 2521 525 2582 haee
547 2522 704 2604 leguntur
728 2523 811 2587 κατὰ
825 2523 884 2600 τὴν
901 2523 1037 2583 ἄστονον
1050 2519 1103 2581 καί
1116 2517 1307 2584 πολύστονον

295 2636 435 2722 θεωρίδα
448 2639 501 2701 καί
516 2644 594 2719 νῆα,
618 2641 676 2718 τὴν
689 2635 900 2720 μελάγκροκον
913 2638 966 2700 καί
979 2611 1151 2715 μέλαιναν,
1163 2642 1222 2718 τὴν
1236 2639 1307 2704 ναύ-

297 2755 420 2831 στολον,
433 2762 530 2838 ἤγουν
541 2759 598 2836 τὴν
611 2757 682 2827 τούς
697 2755 823 2838 νεκρούς
836 2752 1008 2833 διάγουσαν
1020 2757 1096 2838 πρὸς
1109 2757 1164 2820 τὸν
1172 2753 1307 2838 εἍιδην.

298 2872 432 2938 Rectius
454 2877 590 2937 δστονον
611 2871 844 2953 interpretatur
864 2867 971 2933 Schol.
990 2869 1026 2948 Β.
1050 2872 1091 2934 ed
1114 2872 1190 2934 841:
1216 2896 1308 2936 κακο·

298 2989 482 3055 στίνακτον.
528 2985 694 3054 ’Ἀστολον
719 2989 800 3075 (ver.
826 2989 901 3050 lect.
922 3008 975 3069 sp.
1000 2984 1051 3072 B.)
1076 2989 1236 3074 originem
1255 2992 1308 3053 de-

295 3107 374 3174 bere
403 3108 531 3172 videtur
554 3107 701 3190 sequenti
725 3103 917 3180 ναύστολον,
952 3099 1013 3188 pro
1038 3125 1104 3189 quo
1128 3127 1204 3171 cum
1227 3106 1309 3171 But·

298 3229 368 3290 lero
402 3227 576 3313 legendum
612 3236 693 3307 puto
727 3220 948 3301 νεκοοστόλον;
965 3299 968 3304 ,
983 3244 1062 3289 nem
1087 3245 1156 3288 non
1179 3237 1308 3289 tantum

299 3341 602 3426 interpretationes,
627 3363 705 3427 ques
731 3343 830 3406 ruodo
854 3339 971 3416 attuli,
1003 3343 1059 3404 sed
1082 3341 1180 3406 etiem
1203 3339 1310 3409 Schol.

307 3567 525 3584 --.-—--.--.

337 3737 361 3802 1)
378 3737 426 3784 Pro
442 3737 482 3785 his
499 3737 570 3786 Voss.
586 3740 612 3785 ν.
630 3731 665 3798 ὡς
686 3731 747 3789 αἰὲν
765 3731 800 3788 δι’
822 3731 1003 3804 Ἀχέροντα,
1031 3731 1109 3801 δ’ττις
1129 3734 1193 3796 ἐστὶ
1214 3739 1307 3796 τίτα-

303 3855 355 3907 μος
377 3833 429 3891 τοῦ
444 3827 560 3900 Ἅιδου,
580 3833 733 3904 ἀμείβεται
754 3835 804 3892 καὶ
824 3833 984 3908 διέρχεται.

336 3941 363 4006 2)
380 3937 577 4005 τολύστολτν,
595 3942 667 3993 Voss.
683 3948 709 3994 e.
774 3941 803 4012 3)
822 3939 843 3997 i.
863 3943 913 3999 καὶ
932 3943 985 4005 τὴν
1003 3961 1027 3998 ν.
1045 3946 1115 3994 voss.
1135 3950 1157 3995 1.

337 4048 362 4113 ί)
379 4041 504 4114 ττείβτι,
527 4047 596 4096 Voss.
619 4049 645 4096 θ.
