2988 5020
770 359 813 421 72

286 588 448 655 equorum
469 565 616 654 ungulis
636 565 792 651 pulsati,
818 566 883 638 vel,
902 564 932 642 ¹si
946 565 996 627 'ad
1019 563 1156 628 verbum
1181 565 1298 639 vertis,

286 687 420 748 alantur
438 705 574 769 compos
597 683 745 771 ungulis
765 684 925 770 pulsaue.
972 680 1182 747 Traiectionis
1200 685 1299 746 auda·

287 805 336 868 oia
363 803 548 867 defenditur
578 802 676 878 louis,
706 821 787 885 quos
817 802 903 865 infra
925 801 967 865 ad
991 791 1022 865 ν’.
1046 801 1122 866 332.
1144 802 1297 871 afferatur

286 925 417 986 κτυπεῖν
444 933 556 984 autem
590 920 623 984 in
653 919 838 1001 uornpositis
866 918 1031 982 interdum
1068 919 1207 982 activam
1230 919 1298 984 vim

285 1038 425 1113 habere,
458 1040 659 1101 demonstrat
682 1034 853 1109 ἁλίκτυπος
871 1035 928 1124 (sie
947 1039 1047 1122 vulgo
1069 1048 1220 1102 accentus
1242 1055 1301 1100 no-

286 1154 402 1242 tatur),
425 1158 514 1240 quod
534 1153 748 1220 Ritscbelium
769 1175 821 1236 ap.
843 1153 1012 1239 Euporum
1036 1157 1057 1218 l.
1080 1157 1103 1218 l.
1120 1175 1152 1237 p.
1169 1156 1227 1228 43,
1250 1175 1298 1238 sq.

287 1273 484 1358 praeteriisse
520 1273 657 1336 videtur.
701 1270 800 1356 Quod
830 1269 855 1336 si
885 1275 946 1359 βοὰ
968 1293 1064 1346 eum,
1089 1293 1188 1356 quem
1211 1293 1301 1336 nuno

286 1391 386 1455 habet
410 1392 520 1454 locum
541 1403 651 1453 tenere
671 1389 767 1453 debet
791 1390 866 1478 (neo
890 1389 1072 1474 quidquam
1095 1402 1141 1454 est
1162 1389 1193 1452 in
1207 1386 1299 1454 MSS.

288 1521 346 1573 aut
365 1505 621 1572 Scholiastarum
651 1507 993 1589 interpretationibus,
1019 1510 1138 1591 qood,
1162 1521 1200 1570 ut
1224 1527 1301 1570 eon-

288 1625 428 1690 trarium
461 1635 658 1696 statuamus,
693 1623 838 1706 suadeat)
872 1624 1002 1688 alterius
1036 1645 1144 1688 versus
1170 1624 1304 1686 initium

288 1741 470 1806 iambicum
504 1759 589 1814 esse,
623 1738 792 1821 probabile
828 1752 884 1803 ast.
942 1740 1064 1804 Totum
1109 1743 1219 1804 locum
1258 1740 1302 1804 sio

289 1858 530 1924 emendandum
557 1877 622 1919 esse
645 1856 800 1920 ooniieio:

420 1974 437 2038 a*
459 1977 475 2038 ἓ
498 1972 657 2056 lautiorem·
682 1973 950 2047 πεδιοπλόκτυπός
973 1974 1001 2038 τ’

425 2094 645 2180 ἐγχρίμπτεται
670 2099 751 2182 βοὰ,
771 2100 941 2181 ποιᾴττει,
965 2092 1070 2180 βρέμει
1090 2091 1133 2172 δ’,
1154 2117 1183 2158 rr.
1195 2091 1262 2158 mi·

291 2212 498 2278 Adiootivum
531 2211 734 2296 λεωδαμὰςα
766 2211 877 2293 ispum
902 2213 1084 2275 formatum
1113 2223 1175 2287 eet,
1210 2211 1304 2280 sieuti

291 2334 402 2412 φοιτὰς
425 2351 444 2392 a
465 2335 600 2411 φοιτάω,
625 2333 795 2413 σννορμὰς,
821 2328 1010 2412 sosipatrus,
1034 2328 1113 2404 alia,
1132 2329 1304 2412 dequibus

291 2447 356 2510 sid.
382 2444 464 2510 Lob.
490 2446 615 2510 Patbol.
634 2467 673 2527 p.
703 2445 780 2509 440.
826 2445 999 2528 Λεωδαμὰς
1022 2448 1083 2532 (toa
1103 2458 1150 2509 est
1173 2445 1305 2510 elamor

293 2563 438 2627 bellicus
448 2587 463 2641 ,·
497 2562 700 2648 significatur
720 2563 820 2648 igitur
842 2565 968 2627 clamor
993 2563 1191 2626 bellatorum
1216 2563 1306 2627 soni·

293 2695 410 2764 tueque
433 2694 538 2745 terrae
565 2701 727 2765 equorum
752 2682 881 2766 ungulis
895 2683 1050 2764 pulsatae.
1073 2683 1306 2767 T'lypplpme-

201 2863 203 2868 ,
282 2819 470 2882 ,assequare
494 2797 973 2880 mihiprobabilevideretur,
1008 2799 1074 2862 iam
1095 2799 1181 2877 dixi3
1214 2819 1306 2882 posse

294 2912 373 2977 hine
389 2913 527 2996 reliquas
549 2915 699 2978 lectiones
722 2913 876 2996 explicari
896 2917 1131 2980 ostendendum
1149 2929 1206 2980 est.
1236 2919 1307 2980 Ὠσὶ

294 3051 426 3114 prorsus
457 3049 575 3104 verum
608 3050 675 3093 non
709 3051 793 3107 esse,
831 3031 956 3115 quivis,
992 3033 1132 3115 opinor,
1166 3033 1308 3115 inspecta

294 3148 473 3230 scripturae
502 3148 655 3211 varietate
685 3147 819 3212 videbit.
865 3147 1048 3212 Permutari
1076 3162 1186 3213 autem
1214 3152 1249 3212 rt
1275 3161 1308 3212 et

295 3269 347 3339 el,
370 3263 443 3327 satis
465 3277 581 3328 notum
609 3263 670 3350 (of,
691 3264 716 3327 si
741 3265 823 3327 tanti
843 3278 899 3339 est,
919 3285 1018 3346 supra
1039 3288 1070 3330 v.
1099 3265 1173 3350 t3);
1199 3265 1308 3349 itaque

295 3381 396 3444 facilis
430 3393 501 3444 erat
534 3380 686 3444 transitus
721 3401 739 3444 a
769 3383 798 3444 τ’
830 3384 912 3466 ἐγχρ.
946 3383 987 3445 ad
1018 3407 1048 3446 τι
1082 3403 1127 3468 χρ.
1185 3382 1308 3445 Deinde

296 3501 455 3584 glossema
476 3498 534 3562 ὠσὶ
557 3500 662 3582 qu'um
687 3500 785 3561 semel
807 3499 840 3562 in
865 3512 994 3562 textum
1024 3471 1245 3584 surrepsisset,
1277 3523 1310 3562 τι

297 3636 377 3678 enm
408 3613 473 3678 boo
503 3614 704 3696 permixtum
729 3615 786 3678 ὠτὶ
811 3615 968 3696 peperisse
991 3615 1128 3680 videtur.
1175 3616 1214 3678 ln
1242 3613 1310 3678 aliis

297 3729 386 3793 libris
410 3730 490 3791 illud
514 3729 571 3793 aial
596 3731 771 3814 praegressi
794 3732 944 3794 vocabuli
975 3733 1101 3796 exitum
1128 3733 1174 3820 (o,
1196 3730 1242 3816 τι)
1269 3731 1309 3794 si-

297 3849 369 3909 mul
390 3820 558 3928 absorpsit.
581 3879 626 3895 -
648 3851 807 3934 Ποτᾴττει
831 3860 878 3910 est
894 3847 965 3912 Viri
985 3847 1080 3914 Docti
1106 3849 1308 3922 coniectura,

297 3985 398 4048 quam
419 3964 568 4042 lubenter
587 3965 710 4047 recepe
735 3964 914 4049 requiritur
924 3965 1034 4040 enirn,
1055 3967 1144 4050 quod
1160 3968 1311 4030 aeoedere
