2988 5020
792 418 836 481 82

292 625 326 688 ἐκ
348 659 393 671 -
416 621 562 705 Ἀθηνᾶ.
586 621 687 687 Recte
709 643 840 709 quoque
865 624 956 688 initio
973 625 1128 689 scribitur
1151 634 1192 691 orl
1214 629 1241 690 τ’
1261 619 1312 706 ὦ,

289 759 356 802 non
382 741 418 804 orl
442 737 471 803 δ’
497 731 532 804 ὦ.
568 737 619 805 Cf.
642 762 673 805 v.
704 742 785 817 125,
814 743 888 806 133.

338 859 411 922 132.
446 856 481 920 Β.
512 859 550 922 ud
590 859 663 922 133.
698 863 817 925 στόνων
837 855 948 943 ἀϋτᾶς]
975 861 1038 925 τῶν
1060 859 1215 945 ἡμετέρων
1238 883 1311 924 στε-

288 980 458 1054 ναγμάτων
488 976 653 1056 ἀκροατής.
700 975 826 1061 Legisse
861 976 988 1040 videtur
1019 978 1115 1050 diras
1145 978 1197 1065 (ut
1220 979 1308 1042 coni.

289 1087 426 1174 Stant),
450 1089 611 1166 auditor,
635 1091 676 1154 ab
699 1093 761 1155 dim
784 1093 966 1154 formatum
995 1106 1029 1154 ut
1052 1095 1183 1175 μηνίτης
1209 1115 1308 1176 app-

288 1211 356 1274 νίω.
403 1208 515 1273 Exstat
531 1208 728 1272 vocabulum
751 1209 860 1291 dispo,
885 1212 973 1290 apud
996 1209 1227 1285 Theocritum,
1252 1210 1301 1273 ld.

288 1323 365 1390 XIl.
395 1327 446 1389 14.
483 1322 751 1412 (obseratio.
783 1337 815 1388 et
836 1322 974 1409 Hesych.
996 1346 1027 1388 s.
1053 1326 1163 1403 &iram
1189 1327 1303 1413 Etym.

290 1442 419 1525 Gud.p.
436 1445 490 1507 22.
506 1439 688 1528 58),'qu0d
699 1442 857 1528 significat
873 1445 927 1507 τὸν
941 1444 1105 1525 ἐρώμενον,
1129 1457 1161 1505 et
1172 1445 1303 1509 ducitur

289 1559 331 1624 ab
352 1566 415 1634 ἄω,
447 1561 508 1623 diro
538 1559 644 1647 (Iliad.
668 1558 742 1623 XV.
766 1556 865 1642 252);
905 1579 1020 1623 verum
1046 1559 1124 1622 huic
1145 1561 1302 1624 notationi

289 1699 395 1762 quum
422 1691 571 1759 correpta
594 1677 700 1758 prima
720 1676 755 1739 in
779 1677 870 1758 dirps
890 1676 1013 1761 syllaba
1040 1680 1128 1758 apud
1148 1676 1302 1741 Theocri-

289 1809 362 1859 tum
395 1794 519 1869 obstet,
554 1793 671 1856 rectius
705 1795 836 1857 sortasse
867 1795 1005 1856 ducetur
1037 1793 1078 1857 ab
1097 1795 1177 1869 ota,
1215 1795 1303 1878 quod

290 1916 375 1995 apud
401 1911 583 1976 Homerum
607 1926 791 1976 constanter
823 1912 966 1995 primam
991 1912 1126 1995 corripit
1151 1909 1301 1988 literam,

290 2045 328 2096 ut
359 2033 450 2115 dirps
484 2031 524 2096 sit
556 2031 612 2115 qui
648 2030 802 2094 amatoris
828 2051 939 2114 preces
974 2029 1088 2094 audit.
1136 2033 1253 2114 ’Atspc
1276 2031 1303 2093 si

289 2152 353 2214 hoc
376 2153 448 2214 loco
472 2146 606 2232 probari
631 2161 754 2230 potest,
783 2147 994 2212 scribendum
1015 2148 1093 2210 erit:

403 2269 470 2330 Kal
491 2269 526 2331 σι)
550 2268 659 2329 Λύκει’
684 2266 791 2343 ἄναξ,
817 2269 949 2336 Λύκειος
969 2268 1081 2343 γενοῦ,

402 2389 538 2467 Στρατῷ
563 2381 661 2464 δαΐῳ,
692 2385 810 2446 στόνων
834 2380 982 2460 t’atraa,

293 2514 413 2587 tuque,
448 2521 509 2562 rec
541 2497 662 2583 Lyceo,
696 2497 824 2582 Lyceus
855 2496 1063 2585 (terribilis)
1093 2502 1145 2562 sis
1177 2499 1303 2563 hostili

291 2618 479 2690 exercitui,
500 2637 707 2702 precumque
729 2613 924 2680 exauditor.

340 2737 412 2798 160.
446 2734 518 2798 Post
549 2733 697 2799 scholion
730 2733 770 2798 A.
792 2735 833 2796 ad
853 2755 885 2798 v.
918 2734 992 2796 161.
1017 2732 1051 2796 in
1069 2730 1165 2802 Voss.
1190 2736 1218 2797 1.
1253 2735 1302 2796 le·

291 2865 416 2940 guntur
436 2850 533 2914 haec:
568 2849 660 2914 ἄλλοι
683 2850 718 2915 δὲ
742 2852 839 2924 οὕτως
859 2853 945 2932 φασὶ·
970 2849 1101 2932 pastam
1129 2854 1182 2914 sal
1211 2875 1303 2935 φρον-

292 2973 409 3049 τίζετε,
433 2961 458 3032 ὦ
484 2971 570 3043 θεοὶ,
599 2971 669 3049 περὶ
692 2970 756 3031 τῶν
776 2966 916 3042 πολιτῶν
942 2969 1020 3052 ὑπὲρ
1044 2972 1107 3033 τῶν
1135 2971 1224 3050 ἱερῶν
1249 2968 1303 3053 δη-

291 3093 390 3171 μίων,
427 3092 496 3169 ἤτοι
528 3087 579 3150 ἐπὶ
613 3087 676 3149 τῶν
708 3084 1004 3166 ἅπομοιραζομένων
1032 3088 1119 3168 παρὰ
1153 3088 1217 3150 τῶν
1245 3110 1302 3150 πο-

292 3207 388 3284 taras
415 3207 478 3270 a'rui
502 3211 555 3286 τῆς
579 3202 756 3288 περιουσίας
782 3201 899 3266 αὐτῶν.
946 3198 1027 3276 Hic,
1050 3201 1157 3265 nescio
1179 3223 1302 3285 quare,

291 3325 324 3387 in
346 3323 583 3389 constructione
608 3321 699 3385 verbi
721 3318 873 3401 μέλεσθαι
897 3313 1053 3393 haerens,
1077 3322 1117 3382 ad
1144 3321 1228 3404 ἱερῶν
1249 3319 1303 3403 δη-

290 3446 369 3526 μίων
389 3441 547 3507 intellexit
567 3438 670 3504 irrue.
717 3437 853 3502 Sensus:
883 3449 1015 3511 curate,
1039 3447 1076 3500 ut
1102 3435 1236 3519 publica
1255 3459 1304 3501 sa·

293 3561 415 3627 crificia
441 3559 530 3623 vobis
554 3570 713 3639 perpetuo
736 3556 919 3640 obtingant.

338 3677 412 3738 172.
449 3673 555 3737 Schol.
589 3672 629 3735 A.
666 3672 722 3755 οὐχ
757 3669 904 3753 ὁμιλητὸν
926 3667 1057 3756 θράσος]
1098 3675 1132 3738 ἓν
1157 3675 1305 3760 θορύβοις

245 3799 246 3803 ’
273 3789 328 3857 ὀὐ
363 3791 520 3853 καθεκτὸν
558 3790 648 3876 (fort.
679 3788 735 3851 cdx
765 3789 925 3872 daturos).
973 3788 1058 3852 Illud
1092 3793 1126 3857 ἓν
1156 3790 1305 3878 θορύβοις

290 3908 465 3974 adhaesisse
485 3905 612 3970 videtur
632 3926 670 3968 ex
691 3893 785 3968 initio
806 3900 918 3969 scholii
940 3907 982 3969 ad
1002 3927 1049 3971 vs.
1075 3910 1155 3972 175:
1176 3907 1229 3972 διὰ
1252 3913 1306 3974 τοῦ

291 4028 432 4111 &amillau
451 4020 669 4110 ἐμβεβλήκατε.
