2988 5020
740 411 801 471 122

278 635 340 699 pro
363 615 483 699 ἡμέρα,
521 619 684 700 νυκτερὶνη
703 633 764 698 pro
788 617 854 690 ντίξ.
880 612 933 679 Cf.
959 613 1042 678 Loh.
1065 615 1106 678 ad
1128 612 1180 678 Ai.
1206 615 1289 689 208,

278 755 312 816 p.
328 735 402 797 158.
427 735 487 798 Ἐν
506 735 643 816 τροπαίᾳ
667 735 776 818 χρονίᾳ
788 733 985 814 interpretor
1006 736 1040 796 ἐν
1053 739 1155 815 τροπῇ
1165 737 1292 816 χρόνον,

280 853 314 917 ἐν
339 855 448 936 χρόνῳ.
483 849 571 914 Nihil
593 849 733 933 antiquis
755 849 856 931 poetis
879 848 1080 932 frequentius
1101 861 1167 923 est,
1192 863 1292 932 quam
1367 909 1370 919 ,

279 981 409 1050 tempus
433 970 592 1034 volvendo
612 967 688 1031 labi.
739 965 810 1030 lum
829 969 916 1049 upud
937 965 1070 1031 Homer.
1089 979 1137 1030 est
1153 991 1292 1052 περιτρο-

280 1085 369 1151 πέων
396 1085 448 1175 (ΙΙ.
473 1083 516 1149 11.
539 1082 618 1169 295)
643 1098 675 1148 et
693 1081 943 1168 περιτελλόμενος
965 1087 1125 1161 insontem
1147 1084 1294 1146 similiter

192 1265 196 1272 .
281 1201 449 1289 Virgilius,
475 1205 557 1268 Aen.
583 1202 608 1266 1.
632 1203 716 1276 234,
740 1201 953 1265 volventibus
976 1203 1104 1278 οντοοὶτς
1128 1199 1219 1267 Pind.
1239 1199 1292 1266 Ol.

281 1321 341 1386 IV.
366 1320 435 1384 init.
461 1307 541 1404 ὧραι
565 1319 778 1401 ἑλισσόμεναι,
812 1315 913 1401 Soph.
937 1315 1019 1382 Oed.
1044 1318 1082 1381 T.
1110 1319 1184 1382 156.
1205 1344 1295 1402 περι·

280 1437 484 1520 attonitae
517 1437 621 1521 ὥραις.
655 1435 707 1502 Cf.
738 1433 765 1501 1.
802 1435 842 1499 Η.
866 1435 956 1500 Voss.
982 1437 1024 1498 ed
1047 1435 1140 1520 Virg.
1173 1435 1293 1520 Georg.

282 1555 325 1620 11.
352 1559 430 1621 295.
454 1561 603 1636 Λήματοο
625 1555 745 1637 pendet
770 1575 790 1616 e
808 1539 1103 1634 μεταλλακτό;,’ἀο
1125 1574 1193 1636 que
1220 1544 1296 1617 con'·

280 1670 459 1735 structione
482 1674 524 1734 cf.
549 1669 666 1735 Matth.
693 1669 752 1734 Gr.
778 1673 796 1754 §
820 1671 896 1734 339.

327 1789 406 1852 692.
431 1792 608 1869 Φασμάτων
641 1789 819 1863 ἐνυπνίων,
853 1787 891 1854 Β.
926 1788 960 1850 in
995 1789 1108 1851 lemm.
1142 1789 1183 1851 ad
1219 1787 1294 1852 695.

284 1905 433 1990 Aeschyli
453 1907 682 1990 fragmentum
703 1907 790 1989 apud
808 1907 927 1970 Athen.
941 1905 999 1968 xl.
1014 1927 1047 1988 p.
1063 1908 1123 1968 491
1146 1906 1202 1993 (ir.
1216 1904 1293 1990 285>

284 2023 452 2108 νυκτέρων·
471 2029 725 2106 φαντασμάτων,
758 2026 929 2087 laudatum
959 2023 1101 2086 Porsono
1127 2025 1169 2086 nd
1191 2021 1294 2088 Orest.

285 2144 359 2206 401.
382 2140 466 2205 nihil
487 2154 600 2205 contre
612 2142 676 2204 hoc
692 2141 827 2223 probat3
853 2141 966 2204 eodem
979 2139 1049 2203 iure'
1062 2161 1124 2223 pro
1135 2143 1237 2204 altera
1253 2143 1294 2203 le-

284 2261 391 2324 ctione
415 2261 530 2323 afferre
553 2258 629 2322 licet
655 2258 716 2344 Ag.
742 2260 817 2322 265.
839 2259 968 2344 ὀνείρων
992 2264 1149 2340 φάσματα.
1194 2257 1295 2323 Voce-

284 2376 402 2438 bulum
427 2381 534 2457 φάσμα
556 2375 599 2437 ah
621 2374 762 2458 antiquis
787 2375 954 2439 interdum
978 2378 1079 2439 altero
1104 2375 1293 2464 (φάντασμα)
1342 2385 1350 2397 “

286 2491 476 2574 explicitum
508 2511 595 2565 esse,
631 2491 770 2554 ostendit
794 2489 989 2578 Hesychius3
1025 2506 1058 2557 et
1078 2515 1186 2558 versus
1214 2500 1297 2574 ἄγαν

286 2609 315 2674 δ’
334 2607 465 2692 ἀληθεῖς
485 2613 656 2690 φασμάτων
677 2609 850 2685 ἐνυπνίων,
874 2609 946 2673 ideo
965 2607 1143 2695 elegantior
1155 2612 1299 2686 videtur,

286 2727 363 2811 quin
390 2726 527 2790 solennis
563 2745 693 2790 caesura
726 2739 801 2790 ante
836 2725 968 2790 tertiam
1005 2726 1090 2790 arsin
1121 2727 1167 2791 sio
1197 2727 1299 2814 magis

284 2844 434 2907 sentitur.

332 2961 398 3024 698
424 2957 529 3048 (701).
560 2961 680 3042 Δίκην,
712 2981 780 3026 ver.
805 2961 893 3025 Lect.
920 2983 972 3044 sp.
1001 2961 1109 3026 Schol.
1131 2963 1177 3038 A,
1211 2962 1309 3058 onius⁸

284 3075 457 3163 explicatio
478 3077 705 3160 improbando.
752 3077 836 3142 Nom
863 3085 957 3160 τιμᾶν
981 3099 1047 3142 non
1071 3100 1135 3143 esse
1157 3085 1300 3163 τιμωρεῖν

286 3197 447 3280 particulo
486 3198 539 3259 καί
572 3195 645 3260 satis
680 3195 816 3279 prohnt3
854 3209 886 3259 et
916 3196 1204 3282 interrogationem
1239 3199 1301 3261 hoc

288 3321 383 3378 versu
408 3333 476 3376 non
500 3333 589 3396 posse
611 3313 789 3388 contineri,
813 3313 1048 3381 demonstravit
1066 3314 1301 3379 Blomfieldius.

289 3430 401 3497 Potius
429 3431 711 3512 interpretandum
747 3442 836 3506 eret,
866 3433 972 3494 otiam
996 3430 1167 3494 imbellem
1191 3433 1303 3496 insti-

290 3552 383 3614 tiom
406 3548 552 3611 honorat
576 3545 671 3623 dens,
698 3546 719 3611 i.
743 3569 772 3610 e.
793 3547 819 3610 si
843 3561 899 3624 tn,
922 3547 1047 3611 etiamsi
1069 3548 1222 3634 ignavus,
1253 3546 1302 3611 iu·

288 3679 356 3729 stus
381 3678 493 3727 temen
514 3663 575 3737 sis,
597 3685 616 3726 a
638 3665 699 3726 deo
721 3665 844 3728 honore
863 3665 980 3750 dignus
1001 3661 1208 3730 habeberis.”
1241 3663 1303 3730 Sed

288 3780 459 3845 'Eteoclem
470 3777 602 3841 obviem
624 3777 716 3840 fratri
735 3790 867 3843 euntem
885 3782 1001 3844 iniuste
1013 3803 1125 3867 agere,
1138 3803 1302 3866 nusquam

287 3896 367 3962 etthi
385 3894 548 3980 significet
571 3895 696 3958 chorus.
722 3896 852 3979 Νίκην
878 3897 903 3959 si
925 3897 1094 3974 scribitur,
1106 3895 1180 3962 hoc
1200 3899 1304 3963 dicere

290 4014 419 4082 videtur
440 4015 574 4078 chorus:
599 4013 788 4076 victoriam
809 4015 915 4076 stiam
942 4012 1021 4077 dolo
1039 4025 1185 4100 portam
1205 4026 1303 4078 amnt
