3050 5034
583 453 741 537 ’,ΧΥ

229 649 308 739 (953
340 645 442 736 ἀχέων
474 647 566 716 τοίων
600 647 669 713 τάδ’
704 651 867 736 lyaeum:
903 652 1028 734 εὕρηται
1063 649 1097 715 δὲ
1128 654 1181 715 sui
1205 655 1239 720 ἓν
1342 655 1347 666 ’

227 757 392 854 παλαιῷ
421 765 586 855 βιβλίῳ·
610 766 693 854 οἰχέω
718 767 830 857 (vulgo
849 766 964 854 ἀχέων)
989 768 1058 834 τάδ’
1084 769 1239 850 e'yyrlltsr,

225 891 325 967 ἤγουν
359 887 392 950 ἐκ
425 889 480 950 τοῦ
513 883 647 968 πλησίον
674 889 775 950 ταῦτα
796 889 916 970 θρηνῶ.
963 885 1084 970 Itaque·
1102 901 1239 952 testatur

226 1003 429 1086 se'pluribus
450 1003 542 1068 bonis
564 1016 595 1067 et
618 1003 759 1088 antiquis
780 1003 944 1069 codicibus
968 1025 1064 1070 usum
1087 1027 1161 1070 esse.
1194 1007 1239 1071 At

227 1119 278 1184 his
301 1120 435 1204 quidem
468 1121 545 1184 locis
568 1119 614 1183 illi
637 1119 713 1184 lib'ri
738 1120 884 1204 mendosi
907 1135 1017 1200 erant3
1050 1143 1150 1205 quare
1174 1143 1241 1188 non

228 1237 341 1322 magni
365 1237 449 1302 facio
471 1237 551 1300 illud
574 1239 614 1300 de
637 1234 731 1302 MSS.
754 1238 947 1321 antiquitate
970 1251 1003 1302 et
1024 1239 1129 1321 pretio
1152 1240 1240 1304 iudi·

230 1355 337 1419 cium.¹
377 1355 426 1419 Ac
456 1353 566 1437 paucis
598 1375 676 1418 eum
706 1355 868 1420 codicibus
891 1377 987 1420 usum
1011 1377 1093 1432 esse,
1122 1357 1241 1440 proba-

231 1471 296 1536 bile
327 1483 374 1536 est
402 1484 593 1554 propterea,
622 1473 711 1556 quod
733 1471 822 1536 Pers.
849 1473 911 1536 185
937 1485 1130 1555 corruptam
1152 1475 1243 1538 lecti·

232 1605 329 1650 onem
364 1586 546 1669 ἀλλήλοισι,
579 1609 681 1674 quam
717 1600 858 1672 quatuor
891 1601 1022 1652 tantum
1053 1602 1242 1656 nostrorum

231 1703 394 1769 librorum
422 1713 577 1782 tuentur,
607 1704 642 1768 in
672 1704 824 1770 omnihus
846 1705 910 1770 auis
933 1706 1070 1770 inveniri
1091 1690 1242 1773 affirmat.

232 1822 339 1900 Alibi,
363 1823 463 1888 veluti
486 1823 575 1889 Pers.
599 1824 677 1888 295.
700 1821 844 1886 lectionis
866 1823 1055 1889 varietatem
1080 1845 1118 1890 ex
1144 1825 1244 1908 priori

232 1938 410 2022 interprete
432 1939 573 2023 repetiit.

277 2055 405 2122 Verum
430 2058 544 2121 melius
562 2057 602 2119 de
619 2055 764 2120 sontibus
783 2069 889 2120 textus
902 2058 1145 2122 scholiastarum
1163 2057 1247 2124 iudi-

233 2175 300 2240 cari
325 2174 445 2256 poterit
464 2195 482 2236 e
505 2173 660 2238 varietate
684 2173 853 2251 lectionis,
886 2195 969 2258 quae
990 2196 1030 2238 ex
1052 2174 1246 2257 interpreta-

233 2292 322 2356 tione
353 2290 490 2354 eruitur.
544 2288 585 2354 In
621 2309 688 2374 quo
719 2310 785 2353 non
814 2309 935 2372 parum
966 2290 1117 2372 proficit,
1156 2293 1246 2375 quod

233 2401 425 2492 interpretes
454 2409 554 2504 vulgo
581 2407 723 2473 verbum
754 2407 855 2472 verbo
885 2410 1037 2472 reddunt.
1084 2406 1246 2496 Cautione

234 2540 346 2591 tamen
369 2548 433 2590 esse
458 2527 638 2602 utendum,
660 2546 721 2599 ne,
744 2524 848 2589 sicubi
871 2526 1069 2592 vocabulum
1090 2526 1126 2589 in
1145 2528 1247 2610 expli-

208 2647 362 2711 -oatione
391 2647 547 2710 omissum
576 2645 636 2721 sit,
662 2644 818 2708 continuo
847 2646 887 2709 de
918 2645 1073 2710 varietate
1102 2646 1249 2712 lectionis

230 2763 435 2850 cogitemus,
467 2763 547 2826 item
571 2783 613 2826 ne
632 2760 775 2825 obscuris
795 2774 851 2825 aut
870 2761 1030 2844 corruptis
1050 2762 1177 2828 scholiis
1196 2761 1250 2828 ni·

236 2881 299 2944 mis
340 2879 559 2954 confidamus,
594 2879 737 2961 denique
769 2899 812 2942 ne
854 2877 1106 2956 obliviscamur,
1143 2884 1250 2947 multa

226 2972 490 3060 'Scholiastarum
518 2995 732 3079 negligentiae
760 3007 792 3059 ct
821 3016 910 3077 posse
931 3004 965 3060 et
987 2996 1105 3061 debere
1126 2998 1248 3074 tribui,

139 3093 143 3100 ¹
237 3133 305 3177 non
330 3124 396 3192 cst,
418 3111 507 3195 quod
528 3130 617 3174 nunc
637 3131 789 3175 moneam
801 3133 809 3190 ;
841 3112 962 3176 etenim
983 3111 1164 3176 istiusmodi
1183 3114 1250 3177 dis.

236 3229 438 3312 putationes,
460 3227 520 3291 nisi
539 3230 688 3310 exempla
708 3225 905 3304 afferantur,
925 3229 1034 3292 inanes
1051 3231 1248 3314 plerumque

238 3355 316 3410 sunt
328 3368 336 3424 ;
362 3366 464 3430 quare
491 3346 580 3408 malo
603 3341 684 3408 haec
705 3347 746 3409 ad
765 3344 969 3429 singulorum
991 3346 1143 3410 locorum
1163 3360 1248 3410 trac-

239 3465 396 3530 tationem
419 3463 560 3527 differre.

283 3581 497 3646 Lemmatum
525 3620 570 3636 -
596 3581 677 3643 haec
706 3579 795 3643 enim
822 3579 856 3642 in
889 3577 1082 3646 Scholiastac
1113 3581 1251 3648 lectione

239 3699 420 3786 indaganda
432 3702 573 3764 alterum
585 3709 698 3762 tenent
720 3698 927 3762 locum—in
939 3696 1103 3786 Aeschylo
1113 3698 1249 3785 quidem

239 3818 416 3902 perexigua
436 3828 484 3882 est
496 3816 680 3882 auctoritas.
713 3815 797 3880 Nam
815 3817 939 3880 scholiis
959 3818 1075 3901 prioris
1091 3821 1251 3903 interpre-

217 3934 280 4014 tis
311 3936 508 4018 plerumque
540 3934 640 3999 rerba
670 3954 709 3997 ex
736 3933 876 3998 editione
905 3932 1041 4000 Victorii
1070 3937 1251 4019 praeposita

239 4061 331 4127 sunt,
362 4048 511 4116 Vorsiani
534 4069 608 4112 raro
630 4049 663 4112 in
684 4049 772 4114 varia
794 4047 930 4112 lectione
953 4051 1149 4115 lemmatum
1176 4073 1252 4116 con-

239 4167 392 4232 sentiunt.
438 4165 530 4229 Alter
552 4177 664 4230 autem
686 4165 867 4230 scholiastes
883 4164 1008 4250 ubique
1029 4168 1096 4231 lere
1114 4169 1252 4244 fontem,
