3050 5034
775 427 801 468 11

268 611 348 672 cula
370 622 463 684 sunt,
491 610 549 674 nisi
569 618 731 694 perpetuo
753 609 1045 696 consulentibus1),
1065 612 1108 676 ita
1122 625 1290 696 perspecto

276 727 548 809 interpretationis
580 748 716 812 genere,
742 729 831 812 quod
853 725 1048 793 Scholiastae
1069 730 1172 794 secuti
1193 743 1288 804 sunt,

277 847 456 920 nonnulla,
492 848 533 909 de
560 845 679 929 quibus
712 845 821 928 primo
854 865 943 909 secus
972 845 1079 938 visum
1103 849 1229 922 fuerat,
1251 850 1293 911 ad

278 963 450 1027 lectionem
480 965 649 1050 vulgatam
682 984 747 1028 esse
767 965 955 1039 referenda,
979 964 1041 1027 alia
1062 961 1227 1046 pertinere
1250 934 1291 1027 ad

278 1079 398 1156 verba,
422 1103 506 1166 quae
529 1081 623 1146 hodie
646 1081 679 1144 in
703 1079 813 1164 paucis
835 1087 892 1144 aut
913 1081 1009 1146 nullis
1032 1079 1123 1145 libris
1146 1093 1291 1161 exstant,

279 1211 425 1280 apparet.
471 1196 568 1282 Quod
601 1199 627 1263 si
659 1199 692 1261 in
721 1199 924 1262 emendando
950 1198 1107 1280 scriptore
1127 1199 1168 1262 ab
1189 1221 1227 1264 ea
1247 1202 1292 1263 le·

280 1315 386 1378 ctione
419 1316 689 1398 proficiscendum
726 1328 790 1386 est.
824 1337 907 1399 quae
940 1316 1089 1400 quamvis
1120 1318 1294 1400 depravata

277 1433 411 1515 reliquis
442 1455 553 1495 ansam
580 1433 724 1507 dederit,
756 1435 840 1496 hane
864 1444 974 1496 autem
999 1431 1215 1509 scholiastae,
1240 1453 1294 1496 co·

279 1549 404 1612 dicibus
436 1550 551 1611 nostris
583 1549 780 1632 antiquiores
813 1568 907 1630 saepe
930 1562 1221 1624 conservaverunt,
1245 1550 1294 1612 in·

277 1667 451 1750 telligatur,
474 1685 579 1747 spero,
594 1686 690 1738 eum,
713 1665 769 1748 qui
786 1666 862 1728 data
881 1685 979 1747 opera
1000 1665 1035 1727 in
1059 1650 1206 1749 antiquas
1224 1666 1292 1732 illas

273 1785 557 1867 interpretationes
579 1783 805 1869 inquisiverit,
830 1784 1003 1866 scriptori,
1026 1805 1126 1867 quem
1144 1785 1205 1850 sibi
1227 1788 1294 1850 ele·
1358 1769 1359 1774 ἵ

278 1902 386 1988 gerit,
405 1903 609 1986 aliquantum
629 1922 718 1985 posse
742 1903 900 1983 prodesse.

322 2020 519 2105 Aeschylum
549 2018 683 2102 quidem
712 2039 817 2104 quum
853 2031 978 2083 constet
1012 2039 1118 2104 neque
1148 2017 1294 2084 Schutzii

278 2137 435 2224 elegantia
466 2151 524 2202 aut
543 2136 738 2201 Blomfieldii
762 2136 963 2217 eruditione,
984 2158 1092 2222 neque
1114 2136 1295 2201 Hermanni

275 2269 310 2319 et
335 2256 496 2320 Dindorfii
531 2256 683 2320 acumine
724 2256 799 2318 satis
829 2277 894 2318 esse
919 2257 1149 2330 emendatum,
1173 2253 1295 2320 scholia
1385 2253 1388 2258 ’

281 2386 392 2436 autem
424 2373 465 2436 'ab
495 2371 673 2435 editoribus
696 2371 819 2452 saepius
845 2372 995 2454 neglecta
1014 2392 1121 2454 neque
1138 2383 1297 2452 perpetuo

279 2492 424 2554 consulta
448 2510 512 2552 esse
536 2487 832 2552 animadverterem
845 2486 888 2570 ²),
915 2486 1047 2551 videbar
1071 2488 1152 2550 mihi
1177 2507 1294 2569 operae

277 2606 422 2690 pretium
455 2607 618 2679 facturus,
650 2604 674 2668 si
702 2603 757 2668 illa
788 2625 866 2666 eum
900 2603 1005 2668 verbis
1041 2607 1154 2685 poe'tae
1191 2625 1292 2687 quam

275 2722 517 2789 accuratissime
546 2723 742 2788 conferrem.
789 2720 828 2784 In
853 2741 920 2805 quo
944 2721 988 2784 ita
1023 2720 1142 2785 versari
1177 2722 1293 2786 consti·

278 2840 345 2913 tui,
377 2853 415 2903 ut
439 2860 522 2922 quae
542 2841 622 2902 falso
645 2838 769 2903 variam
789 2838 963 2902 lectionem
986 2839 1153 2902 continere
1172 2839 1293 2904 credita

278 2958 362 3034 sint,
395 2969 451 3022 aut
484 2955 572 3021 credi
602 2957 742 3038 possint,
780 2956 962 3040 explicam,
984 2957 1135 3022 lectiones
1159 2981 1178 3022 a
1198 2958 1296 3028 Wal-

279 3076 381 3142 laueri
402 3089 493 3140 textu
517 3073 588 3162 (hic
606 3073 695 3137 enim
725 3076 874 3158 proxime
898 3077 938 3140 ad
962 3073 1055 3140 MSS.
1080 3073 1216 3160 aceedit)
1248 3076 1295 3140 di-

278 3215 393 3270 versas,
418 3193 609 3276 praesertim
633 3213 700 3267 eas,
723 3193 902 3275 dequibus
926 3215 966 3256 an
999 3193 1132 3277 probari
1162 3191 1297 3274 possint,

278 3311 397 3376 dubius
435 3313 566 3376 haereas
599 3311 743 3375 examini
774 3311 963 3385 subiiciam,
998 3309 1109 3374 omnia
1137 3309 1296 3394 denique,

281 3428 400 3512 quibus
423 3429 609 3496 scholiastae
635 3450 653 3492 a
676 3431 807 3514 vulgata
829 3428 966 3492 lectione
991 3427 1164 3502 recedant,
1187 3424 1222 3490 in
1245 3427 1295 3490 in-

281 3545 388 3611 dicem
425 3549 593 3611 conferam
620 3547 653 3608 in
688 3547 754 3608 fine
784 3547 981 3610 addendum.
1027 3543 1154 3610 Verum
1187 3545 1296 3627 prius.

281 3695 483 3704 ..μ-...Μ

314 3769 338 3829 1)
356 3768 433 3816 Woll.
451 3767 548 3830 Proleg.
566 3767 597 3814 ad
615 3767 684 3814 Hom.
703 3783 727 3832 p.
746 3767 789 3814 IV.

276 3869 278 3874 ’
313 3861 341 3925 2)
361 3861 454 3909 Verum
469 3874 539 3920 ease,
557 3857 626 3923 quod
643 3859 706 3921 diri,
730 3873 838 3923 sequens
862 3859 998 3924 disputatio
1022 3859 1145 3909 ostendet.
1179 3861 1294 3910 Eiusdem

280 3957 419 4004 sententiae
445 3959 498 4002 erat
524 3953 671 4010 Elmsleius;
698 3954 729 4002 el.
757 3953 897 4002 Promethei
917 3969 931 4001 a
949 3953 1036 4002 llloml.
1055 3958 1156 4004 curatae
1173 3956 1212 4004 ed.
1231 3957 1295 4020 Lips.

281 4067 307 4114 p.
326 4047 380 4097 164.
