2988 5020
663 431 722 492 117

198 633 337 708 d·iootus;
375 632 443 694 imo
470 632 574 716 gravis
607 632 689 694 mihi
713 633 856 696 videtur·
871 647 903 697 et
929 635 1044 698 acerbo
1073 637 1210 700 Eteoelis

199 749 319 824 oratio,
353 770 418 831 qua
450 733 578 810 hostilis
596 749 756 830 expeditio
782 765 991 833 eomparatur
1016 774 1092 815 oorn
1114 773 1208 834 pom-

198 887 263 949 pe,
300 887 383 958 quue
415 868 455 928 ad
489 866 606 928 inferos
641 867 754 931 tendit.

242 985 317 1046 604.
344 959 447 1066 Φέρει,
460 981 538 1048 Var.
552 983 643 1047 Leot.
661 1005 712 1065 ap.
735 981 842 1048 Schol.
865 985 902 1049 Β.
926 988 964 1049 ud
978 987 1061 1063 6073
1080 986 1114 1048 in
1125 989 1207 1049 lem-

198 1114 349 1164 moreest
370 1105 475 1181 pilosi,
490 1101 543 1164 eui
566 1101 694 1163 additur
706 1103 807 1186 glossa
827 1100 909 1166 liar.
947 1101 1087 1188 Hesyoh.
1107 1101 1206 1187 φύσει]

198 1215 373 1304 βλαστήσει,
391 1216 545 1300 άληθῶς
562 1221 640 1296 φύει.
664 1215 738 1280 Non
752 1239 874 1294 vereor,
891 1241 931 1282 ne
943 1219 1117 1303 quisquam
1131 1243 1208 1284 oum
1253 1215 1259 1227 ’

197 1334 316 1398 Blomf.
343 1339 429 1416 orlon
455 1349 601 1408 tueatur,
626 1357 709 1419 quoe
730 1337 826 1399 lectio
850 1359 915 1400 non
940 1340 1032 1402 aliter
1054 1339 1207 1420 explicari

197 1466 302 1537 potest
335 1474 435 1536 quam
473 1452 537 1528 sio,
582 1466 619 1515 ut
652 1455 839 1554 credamus,
875 1455 1069 1518 Lasthenem
1101 1459 1206 1548 ipsnrn
1276 1487 1278 1494 ·

197 1577 294 1655 σάρκα
316 1570 389 1635 diei.
422 1569 544 1635 Contra
565 1576 653 1652 orlei,
677 1574 766 1654 quod
790 1574 959 1654 proposuit
983 1573 1098 1646 Weu.
1123 1574 1207 1656 opti-

197 1711 251 1753 me
273 1711 306 1752 se
329 1689 437 1752 hahet.
472 1687 525 1754 Cf.
547 1689 628 1752 Lob.
651 1692 691 1751 ud
713 1688 764 1753 Αἰ.
788 1711 820 1772 p.
843 1692 896 1754 90.
918 1713 950 1755 n.
974 1692 1014 1766 8,
1038 1691 1205 1760 Wunder.

196 1809 237 1870 ad
255 1805 354 1889 Soph.
369 1804 450 1871 Oed.
465 1805 502 1871 C.
517 1829 548 1870 v.
562 1808 639 1880 801,
664 1804 826 1889 Aristoph.
842 1807 926 1874 Ran.
940 1809 1016 1873 418.
1038 1808 1125 1872 Illud
1138 1815 1209 1888 uulsa

197 1923 230 1987 in
251 1933 315 2008 φυῇ
325 1923 437 1987 obiisse
451 1925 588 1998 videtur,
610 1923 767 1988 vocabulo
780 1931 866 2006 pilon
880 1925 1090 2008 explicatum.
1115 1927 1207 2010 Φέρει

196 2061 233 2103 ex
253 2039 452 2103 correctione
472 2052 606 2117 natum3
630 2041 694 2104 vid.
716 2061 813 2122 supra
826 2064 855 2104 v.
872 2044 949 2106 495.
973 2041 1128 2137 Similiter
1145 2045 1208 2128 ἔχει

195 2180 256 2241 pro
280 2161 339 2240 ἔφυ
362 2157 573 2222 substitutum
593 2181 657 2223 esse
679 2160 806 2224 videtur
829 2160 913 2224 Xen.
932 2159 1033 2224 Mem.
1052 2160 1077 2223 l.
1102 2165 1129 2224 l.
1154 2165 1206 2225 ll.

195 2279 230 2340 ori
255 2275 425 2355 διελέγετο,
462 2283 604 2355 σκοπῶν,
633 2280 715 2350 ι’)ἰτοι,1
737 2283 756 2341 ό
779 2277 966 2360 καλούμενος
991 2281 1052 2342 ὑπὸ
1075 2282 1135 2342 τῶν
1157 2299 1208 2342 σο·
1313 2323 1316 2328 -
1402 2297 1403 2302 ’

195 2405 308 2476 φαττῶν
331 2398 441 2474 κόσμος
464 2394 563 2479 ἔχει,
588 2398 641 2457 καὶ
664 2397 746 2459 τίσιν
766 2395 1050 2476 οἷνάγκαιςὲκαστα
1063 2399 1206 2475 γίγνεται

175 2518 254 2584 ,τῶν
280 2513 454 2595 οὐρανίων,
486 2511 544 2574 uhi
567 2512 691 2595 aliquot
713 2513 787 2576 libri
809 2515 878 2596 ἔφυ.
924 2514 1135 2597 Praecipuum
1157 2515 1207 2576 in-

194 2631 352 2694 dustriam
384 2643 558 2712 posuerant
588 2631 766 2712 philosophi
790 2632 824 2693 in
850 2633 1038 2713 explicanda
1068 2635 1208 2719 origine

194 2749 359 2810 universae
389 2767 501 2809 rerum
525 2759 679 2821 naturus,
715 2763 848 2830 tamque
880 2750 1016 2811 arduam
1043 2751 1206 2832 quaestio·

193 2885 270 2927 nem
290 2865 380 2927 hice
404 2852 622 2946 Xenophonte
647 2885 713 2926 non
737 2865 854 2939 omitti,
873 2879 1123 2930 consentaneum
1148 2879 1205 2930 est.

193 2985 244 3046 Τὰ
265 2982 396 3066 οὐράνια
418 2994 494 3045 sunt
517 2985 557 3044 τὰ
579 2981 735 3066 μετέωρα,
760 2995 798 3046 ut
821 3005 859 3045 ex
880 2984 1038 3065 praesenti
1056 2997 1205 3066 tempore

192 3102 333 3179 γίγνεται
355 3111 500 3180 apparet.
1009 3174 1012 3179 ,

237 3218 313 3280 624.
338 3216 436 3281 Varia
459 3215 553 3278 lectio
581 3215 616 3278 in
635 3217 700 3279 fine
727 3213 838 3280 scholii
863 3215 902 3279 A.
927 3217 967 3278 ad
988 3217 1070 3280 627:
1097 3243 1146 3300 γρ.
1170 3217 1204 3282 δὲ
1242 3269 1247 3274 .

192 3337 243 3398 καὶ
266 3337 396 3398 εὔθετοι
421 3332 512 3403 σάκος
535 3345 581 3394 est
604 3333 701 3395 etiam
722 3333 753 3393 in
776 3346 915 3414 utroque
937 3329 1027 3395 Voss.
1074 3331 1115 3395 ln
1136 3332 1204 3414 pri·

191 3454 237 3516 ori
261 3451 397 3537 legitur:
418 3453 549 3512 εὔθετον
573 3446 677 3532 σάκος]
702 3455 853 3533 γράφεται
878 3452 1030 3523 εὔθετον,
1054 3451 1126 3513 αἰιτὶ
1147 3456 1202 3515 τοῦ

191 3571 380 3634 resistenter
407 3569 480 3656 (leg.
508 3563 732 3652 εὐβάστακτον)
759 3559 858 3640 εἷται,
880 3566 912 3628 in
931 3569 1034 3630 altero
1049 3615 1064 3644 ,η
1080 3580 1202 3648 postre-

192 3707 248 3748 mo
279 3687 437 3750 uocabulo
461 3685 595 3759 omisso,
627 3685 776 3747 additur:
803 3686 911 3749 Θεῒκαι
936 3687 994 3766 γὰρ
1018 3687 1052 3747 τὸ
1081 3684 1203 3774 ἀκαλα-

189 3807 277 3890 (islo,
301 3806 370 3866 rell.
393 3804 475 3868 sicut
500 3805 532 3866 in
558 3802 660 3866 editis.
707 3801 802 3868 Unde
830 3815 987 3885 apparet,
1009 3801 1213 3885 interpretes.

189 3917 319 3986 ἐὔθετον
341 3941 407 3984 non
430 3921 636 3996 intellexisse,
661 3942 726 4004 qno
747 3921 849 4005 magis
873 3919 1023 3986 εὔκυκλον
1042 3934 1200 4004 tanquam
