3050 5034
255 627 358 690 quam
391 605 423 670 id
458 605 650 692 aggrediar,
685 627 789 690 pauca
819 602 860 672 de
881 606 1023 692 antiquis
1048 606 1198 694 Aeschyli
1221 604 1270 672 in-

182 749 185 758 ·
256 724 475 806 terpretihus,
513 724 570 809 qui
600 735 740 789 aetatem
761 726 931 801 tulerunt,
955 727 996 790 de
1020 707 1136 792 eorum
1157 725 1271 792 editio-

255 842 377 916 nibus,
412 838 572 918 numero,
600 842 812 928 antiquitate,
836 842 1028 908 auctoritate
1047 843 1190 928 donique
1214 865 1270 908 ex-

257 961 448 1042 ponendum
468 959 543 1026 erit.

302 1077 430 1142 Primus
457 1077 579 1144 scholia
601 1079 777 1162 separatim
812 1078 913 1144 edidit
942 1078 979 1145 F.
1006 1078 1213 1144 Robortellus
1235 1078 1271 1144 in

254 1194 360 1270 libro,
381 1195 433 1260 oui
457 1189 585 1261 titulus:
609 1193 737 1264 Scholia
755 1196 954 1282 mAesehyli
968 1197 1146 1283 tragoedias
1158 1217 1271 1260 omnes

254 1334 296 1376 ex
323 1314 542 1378 vetustissimis
576 1313 667 1378 libris
690 1313 928 1400 ¹manuscriptis
953 1317 1089 1380 oolleeta
1112 1325 1211 1397 atque
1237 1314 1271 1378 in

254 1432 318 1494 hoo
345 1451 463 1514 eorpus
492 1432 624 1496 redaota
650 1453 670 1496 a
695 1429 867 1496 Franciseo
895 1431 1086 1496 Robortello
1105 1429 1268 1498 Utinensi.

257 1547 413 1640 Venetiis
440 1570 479 1612 ex
523 1547 651 1614 officina
684 1548 876 1614 Erosmiana
908 1547 1072 1614 Vincentii
1105 1547 1269 1634 Valgristi.

255 1663 394 1730 ttDLtt.
442 1664 529 1732 Cum
561 1665 738 1753 Privilegio
760 1665 970 1730 illustrissimi
992 1649 1269 1734 SenatusVeneti
1328 1715 1330 1723 .

254 1805 315 1867 per
338 1805 438 1849 annos
458 1785 608 1850 desem.'’
624 1781 651 1864 ¹)
679 1783 719 1847 In
739 1783 871 1867 epistula
891 1785 1065 1867 praemissa
1087 1788 1127 1850 ad
1151 1783 1268 1849 Mariu-

253 1921 335 1965 num
359 1899 548 1973 Sauellum,
571 1901 694 1986 scripta.
714 1900 857 1968 venetiis
882 1901 929 1966 ld.
953 1900 1035 1968 Not.
1056 1923 1084 1966 a.
1108 1905 1206 1978 1551,
1227 1906 1267 1966 all

255 2030 320 2082 tres
353 2030 544 2101 postremas·
559 2018 738 2103 tragoedias
760 2021 794 2082 h.
819 2039 846 2082 e.
874 2017 1177 2103 Agamemnonem,
1202 2019 1270 2084 Eu·

253 2135 420 2211 menides,
442 2133 615 2223 ‘Supplices
641 2135 884 2222 (Agamemnon
907 2149 940 2200 et
960 2134 1172 2218 Choephorae
1195 2137 1268 2201 Ro·

254 2253 393 2318 hortello
416 2275 476 2337 pro
497 2275 563 2318 una
585 2251 814 2339 fabulaerant)
837 2251 1047 2327 omniafere,
1071 2273 1154 2336 quae
1176 2253 1268 2316 adiu·

252 2383 366 2434 mento
388 2372 551 2436 ementati
574 2373 646 2436 losa
665 2369 805 2434 difficilia
826 2369 1049 2456 intelligenda,
1072 2389 1104 2434 se
1127 2368 1266 2435 hausisse

253 2489 332 2554 dicit
353 2510 394 2552 ex
413 2488 637 2575 antiquissimo
662 2487 779 2554 Satelli
802 2487 911 2567 libro,
950 2512 967 2554 «
980 2486 1016 2552 in
1038 2507 1104 2571 quo
1125 2498 1188 2552 tres
1206 2489 1267 2552 hae

253 2603 463 2698 [tragoediae]
500 2627 603 2672 manu
635 2605 752 2671 uetusti
784 2607 976 2680 cuiusdam,
1013 2627 1050 2670 ae
1072 2605 1155 2669 hene
1178 2606 1264 2676 docti

251 2725 393 2790 hominis
422 2735 573 2788 accurate
604 2715 783 2806 dmcrip'tae
817 2721 984 2786 fuissent.”
1039 2721 1091 2786 Au
1124 2721 1264 2805 reliquas

250 2855 314 2907 tres
349 2842 528 2928 tragoedias
558 2842 677 2924 duplex
712 2839 967 2923 explicationum
999 2861 1099 2926 genus
1126 2839 1263 2904 inveniri
1347 2835 1349 2840 ’

249 2963 348 3040 dicit,
381 2963 522 3026 alterum
553 2958 909 3034 bremetensium,
932 2960 1072 3025 alterum
1096 2959 1206 3021 fusum
1229 2969 1263 3020 et

251 3080 426 3162 prolixum.
473 3077 630 3154 Illorum,
662 3076 792 3160 inquit,
823 3077 1016 3142 brevitatem
1040 3072 1163 3140 horum
1185 3095 1262 3157 pro·

248 3195 376 3262 lixitate
410 3193 708 3277 oompemauimus,
743 3206 776 3258 et
808 3193 934 3275 prolixa
960 3192 1056 3255 nimis
1087 3191 1144 3254 ubi
1180 3191 1261 3256 haee

248 3313 467 3389 uidebantur,
502 3334 540 3376 ac
565 3311 784 3387 luxuriantia,
815 3309 984 3400 seouimus
996 3328 1058 3392 pro
1077 3317 1189 3374 nostro
1209 3330 1263 3372 ar-

248 3433 389 3511 bitratu,
429 3433 576 3498 tollentes
609 3451 647 3496 ea
681 3449 765 3512 quae
796 3427 989 3493 uidebantur
1019 3427 1155 3494 inutilia.
1212 3427 1261 3491 Do

248 3549 414 3618 »uetustis
436 3546 528 3616 libris
541 3549 574 3624 ,”
597 3567 717 3631 quasa
737 3565 772 3610 se
797 3547 957 3613 consultos
980 3543 1076 3620 dicit,
1101 3565 1143 3608 ne
1164 3543 1261 3608 nimis

250 3669 424 3756 magnifiee
449 3667 692 3743 existimemus,
727 3663 823 3742 facit,
849 3665 938 3749 quod
959 3662 1078 3729 scholia
1102 3684 1142 3727 ex
1163 3661 1262 3727 inter·
1326 3683 1328 3686 ·

261 3842 479 3857 “naq—-

283 3948 307 4006 ΙΙ
330 3949 412 4004 Debeo
437 3952 506 4004 huno
531 3952 625 4006 librum
649 3951 799 4002 humanitati
826 3949 872 4000 viri
897 3949 960 4002 Clas.
978 3950 1046 4002 Geel.
1063 3972 1098 3988 -
1121 3950 1207 4000 Forma
1222 3954 1262 4000 set

239 4040 270 4095 8.
290 4045 350 4095 min.
