3050 5034
746 457 804 501 xtr

276 660 410 705 mouere
446 662 465 704 a
497 621 564 724 quo
597 641 779 718 annotatio,
817 643 868 707 cui
892 665 950 708 sua
973 645 1162 730 interposito
1182 645 1287 723 ἄλλοις

275 756 462 834 assuebant,
485 758 662 841 composita
684 771 763 823 esset
777 759 818 848 ¹).
956 828 963 841 ‚
1137 841 1140 847 Ι

199 953 203 963 Ι
283 895 286 898 ·
319 877 456 960 Itaque,
481 889 519 940 ut
540 874 631 941 hreii
656 898 738 962 quse
764 875 872 944 adhuc
895 879 1059 963 disputata
1077 895 1172 959 sunt,
1192 901 1286 967 repe-

275 1006 356 1068 tam,
375 993 507 1058 coniicio
526 993 620 1081 (nihil
640 994 727 1057 enim
747 1015 800 1058 me
820 1015 880 1077 pro
896 1009 987 1061 certo
1006 998 1166 1064 affirmare
1182 1019 1284 1083 posse,

274 1109 446 1198 intelligo),
468 1114 721 1176 fundamentum
740 1113 940 1179 scholiorum
960 1135 1025 1180 esse
1045 1115 1141 1181 unius
1159 1117 1284 1202 antiqui

274 1228 482 1316 grammatici
514 1229 810 1306 commentarium,
845 1231 901 1314 qui
923 1230 1083 1314 paulatim
1106 1255 1126 1297 a
1146 1233 1285 1300 librari'n

273 1349 458 1412 decurtatus
491 1345 534 1410 sit
569 1359 601 1411 et
636 1360 839 1426 contractus;
878 1347 955 1413 hinc
985 1350 1137 1414 exstitisse
1163 1348 1287 1418 scholia

274 1463 429 1542 Medicei,
455 1486 539 1550 quae
558 1485 669 1530 rursus
694 1488 713 1528 a
736 1465 957 1550 grammaticis
979 1466 1164 1553 Byzantinis
1175 1469 1211 1533 in
1222 1471 1285 1536 dis⁴

274 1583 461 1666 cipulorum
489 1603 584 1646 usum
611 1581 810 1664 amplificata
838 1582 1001 1648 videntur.
1047 1583 1097 1648 Ex
1120 1587 1184 1652 hac
1209 1609 1285 1650 am·

273 1697 379 1784 pliore
399 1699 608 1764 annotatione
630 1696 754 1786 (Schol.
772 1695 815 1784 A)
840 1721 907 1784 qua
924 1697 1049 1772 Orestia
1068 1716 1101 1766 et
1117 1701 1283 1788 Supplices

273 1830 402 1894 carent,
423 1817 527 1899 petita
549 1815 679 1882 alterius
704 1815 887 1900 interpretis
910 1818 1030 1883 scholia
1055 1817 1176 1920 (Schol.
1200 1821 1251 1908 B).
1274 1855 1277 1861 ·

316 1933 391 2020 Quo
422 1920 526 2020 magis
546 1946 658 1998 autem
680 1946 819 2010 constat,
846 1930 1047 2022 Scholiasten
1066 1935 1092 2001 B
1115 1958 1182 2002 nou
1206 1941 1282 2006 alios

273 2073 375 2139 qnam
404 2051 520 2136 prioris
547 2050 732 2135 interpretis
763 2054 1014 2117 commentarios
1033 2047 1181 2120 secutum
1202 2075 1282 2136 esse,
1387 2051 1395 2060 ’

272 2192 311 2236 eo
340 2169 469 2235 maioris
500 2169 660 2234 momenti
688 2182 752 2246 est,
785 2190 869 2254 quae
894 2170 935 2233 de
965 2169 1054 2234 libris
1084 2168 1177 2238 MSS.
1209 2165 1284 2240 ase

272 2289 434 2372 usurpatis
453 2290 584 2364 reserat,
607 2288 766 2374 colligere.
812 2287 864 2351 Ad
880 2286 965 2353 Pers.
986 2289 1048 2352 185
1069 2286 1164 2377 (1‘86)
1186 2295 1285 2357 τοιλτω

275 2406 376 2496 (duae
398 2403 571 2492 feroinus)
608 2411 787 2470 στάσιν-
813 2410 934 2490 τιιΙχειν
962 2407 998 2471 ἐν
1029 2403 1180 2492 ἀλλήλῃσι
1203 2410 1284 2475 haeo

271 2521 389 2587 habet:
413 2524 449 2586 τὸ
466 2519 611 2602 αλλήλοις
628 2521 796 2607 ἀρσενικῶς
816 2525 891 2607 πρὸς
914 2527 1045 2589 τούτω
1063 2525 1164 2613 (vulg.
1178 2523 1282 2612 τοῦτο)

271 2640 445 2706 α’πέόιοιιινζ
504 2639 609 2712 Οὕτως
641 2642 700 2723 γὰρ
735 2641 778 2705 ἐν
813 2644 918 2704 πᾶσι
953 2647 1043 2714 τοῖς
1077 2641 1284 2718 παλαιοῖς

272 2757 461 2847 βιβλίοις
496 2757 622 2841 εὕρηται
649 2756 763 2844 (vulgo
786 2753 918 2841 εἴρηται)
950 2756 1004 2822 διὰ
1026 2764 1131 2840 τῆςθ
1159 2758 1238 2848 [rol]
1265 2767 1288 2825 1

272 2875 448 2956 διφάόγνον
474 2877 681 2958 γραφόμενον.
716 2873 770 2937 Ad
802 2894 834 2939 v.
867 2874 932 2937 629
965 2872 1059 2962 (637)
1092 2875 1190 2942 eiusd.
1214 2878 1281 2944 fab.

273 2990 466 3082 (παντάλαν’
497 2995 562 3077 ἄχη
596 2988 766 3078 διαβοάσω)
801 2989 994 3057 παντάλαν’
1031 2992 1108 3058 dicit
1131 2995 1282 3079 εὕρασθαι

268 3133 314 3196 ,gp
346 3109 524 3184 πολλοῖς
560 3111 630 3173 καλ
662 3108 806 3184 καλοῖς
837 3109 982 3198 βιβλίοις.
1028 3111 1080 3176 Ad
1103 3109 1191 3194 Sept.
1216 3115 1283 3178 958

267 3239 513 3266 —tu--n-ss—-n

304 3303 329 3366 1)
362 3300 513 3362 Richterus,
538 3299 557 3348 l.
581 3299 599 3348 l
622 3316 648 3365 p.
665 3301 714 3362 90,
738 3315 790 3364 quo
814 3305 918 3348 auctore
943 3301 1034 3350 reserat
1049 3301 1180 3366 Didymum
1197 3317 1281 3352 omncs

269 3393 386 3457 Tragicos
403 3399 598 3443 commentatum
615 3409 685 3456 esse,
708 3394 802 3442 nescio.
836 3391 883 3442 Sed
900 3396 1061 3444 coniecturae
1077 3411 1135 3445 eum
1151 3411 1224 3461 saepe
1241 3398 1283 3445 ni·

268 3489 317 3544 mis
334 3489 475 3552 indulgere,
492 3489 627 3555 perspicias
645 3505 675 3538 ex
691 3505 716 3554 p.
726 3490 768 3551 69,
785 3488 839 3550 ubi,
856 3484 1044 3554 Aristophanes,
1062 3490 1155 3554 inquit,
1174 3493 1285 3556 «procui

269 3583 344 3631 dolio
367 3583 509 3646 argumenti
531 3583 673 3630 Promethei
697 3585 786 3630 auctor
803 3583 873 3639 est3’i
890 3583 1005 3632 similiter
1022 3575 1119 3647 reliqua
1135 3575 1282 3648 argumenta

269 3677 301 3724 ad
323 3676 425 3739 Archyli
449 3675 544 3724 fabulas
564 3675 603 3723 illi
619 3675 755 3732 adscribit;
781 3679 807 3722 ut
822 3676 897 3737 inde,
915 3676 983 3740 quod
998 3677 1189 3742 Aristophanem
1207 3696 1283 3744 argu-

269 3774 354 3819 menta
369 3770 395 3817 in
410 3769 519 3831 tragicos
535 3769 663 3833 scripsisse
678 3772 793 3832 constat,
808 3771 921 3834 proiecto
934 3786 986 3818 non
1003 3773 1132 3835 sequitur,
1149 3772 1193 3821 illa
1207 3789 1283 3838 argu-

268 3868 369 3926 menta,
386 3879 451 3929 quae
467 3864 543 3912 huius
559 3877 651 3912 nomon
666 3863 848 3928 praescriptum
864 3880 916 3912 non
933 3864 1057 3926 habeant,
1074 3866 1156 3916 eidem
1169 3884 1222 3918 esse
1237 3867 1284 3918 tri-

269 3958 396 4025 buenda„
411 3957 577 4006 Nihilominus
601 3957 735 4007 Richterus
760 3973 786 4023 p.
811 3961 842 4008 71
867 3963 962 4006 cenum
976 3974 1030 4008 esse
1044 3959 1283 4029 dicit,Aristophn-

269 4067 342 4115 nem,
359 4052 426 4118 «qui
441 4057 492 4102 tam
508 4053 595 4102 sedulo
610 4052 750 4103 fabularum
762 4052 956 4117 Aeschylearum
964 4059 1113 4117 argumenta
1121 4059 1281 4122 enarraverit,

268 4148 376 4200 eundem
392 4154 419 4202 et
435 4149 488 4217 ipsa
505 4152 594 4218 poetae
611 4147 686 4200 rerba
702 4151 820 4200 accurate
836 4151 955 4200 uacasse
972 4152 999 4198 et
1015 4147 1191 4215 explicuisse.”
