3050 5034
696 451 735 516 1⁵

213 661 297 738 sint,
321 659 410 744 quod
429 657 480 724 vix
496 636 572 721 'fieri
594 667 717 741 potest,
741 673 846 740 quum
868 653 1038 722 manifesto
1050 661 1137 721 πᾶσα
1149 660 1230 743 γάρ·

215 791 250 844 et
270 781 359 844 κοῦτε
379 801 442 853 τις·
467 777 513 864 (v.
535 770 592 860 14)
619 773 873 860 coniungantur.
919 761 1168 840 Valckenaerius'
1189 779 1230 840 ad

215 894 338 961 Plroen.
362 895 460 960 1489.
484 894 588 958 ductu
608 889 802 956 scholiastae
824 893 989 976 eleganter
1007 895 1175 958 emendet:

443 1013 548 1099 ᾤχωκε
578 1009 671 1087 νέον,

443 1131 549 1216 περσὶς
576 1126 604 1192 δ’
629 1129 681 1194 ἐὸν
705 1125 809 1212 ἄνδρα
828 1127 960 1214 βαΰζει.

219 1251 307 1334 quod
331 1260 443 1312 tamen
473 1257 543 1311 tam
573 1258 710 1329 propter
738 1265 894 1329 magnam
916 1243 1095 1310 verborum
1120 1259 1234 1312 muta-

218 1366 363 1440 tionem,
399 1373 501 1448 quam
525 1365 614 1448 quod
633 1365 681 1436 ἑὸς
702 1364 790 1444 apud
813 1361 950 1447 tragicos
973 1364 1065 1426 valde
1093 1363 1233 1430 dubium

220 1494 289 1557 eat,
312 1482 475 1546 incertum
499 1491 621 1544 manet.
668 1479 787 1543 Lenius
813 1478 925 1564 ulique
948 1479 1047 1542 luerit
1070 1481 1233 1567 corrigere

219 1580 327 1687 βαΰζον
348 1619 411 1682 pro
438 1599 566 1685 βαΰζει,
590 1599 679 1682 quod
693 1595 794 1662 ¹facile
814 1596 984 1679 depravari
1008 1598 1130 1681 poluit,
1161 1598 1235 1667 νέον
1291 1597 1293 1603 ’

219 1717 254 1780 in
279 1721 330 1782 ἑόν
353 1729 491 1781 mutato.
582 1706 585 1711 ’
1178 1705 1181 1712 ’

269 1833 344 1898 178.
391 1831 530 1897 Lemma
554 1829 675 1896 Scholii
700 1832 741 1896 A.
773 1833 863 1916 opud
892 1831 1083 1898 Faehaiurn:
1118 1837 1154 1901 σι)
1176 1837 1235 1919 μέν

221 1955 336 2038 τραχύς
358 1970 420 2034 pro
437 1952 576 2036 θρασύς,
597 1947 721 2014 solenni
740 1969 862 2014 errore.
886 1949 1103 2037 Plerumque,
1124 1966 1162 2017 ut
1174 1956 1238 2018 hoc

221 2070 315 2143 loeo,
351 2047 432 2150 quid
452 2085 570 2130 rerum
593 2065 654 2141 ait,
678 2077 824 2128 metrum
849 2065 988 2143 indicat,
1016 2091 1124 2134 sensus
1143 2093 1238 2154 saepe

222 2197 405 2268 utrumque
426 2179 624 2247 vocabulum
649 2179 791 2264 patitur3
817 2203 1021 2268 quamquam
1043 2184 1239 2272 significatio

146 2303 150 2309 '
224 2302 350 2366 diversa
384 2310 442 2365 eet.
489 2300 607 2384 Θράσος
638 2310 686 2363 eet
718 2298 819 2364 animi
848 2300 968 2366 fiducia
998 2301 1063 2366 eive
1091 2300 1128 2365 in
1150 2303 1238 2370 bona

221 2418 346 2484 sivein
366 2419 453 2482 mala
477 2437 534 2495 τος
569 2418 683 2502 τραχύς
707 2390 759 2481 τοο
775 2437 885 2500 asper,
920 2418 1040 2483 durus:
1064 2421 1238 2504 praecipue

225 2537 251 2600 ia
274 2535 332 2620 qui
355 2535 448 2600 facile
472 2532 648 2600 offenditur
666 2543 700 2597 et
722 2533 757 2596 in
776 2533 853 2599 alios
872 2537 980 2600 saevit.
1005 2533 1111 2620 Supra
1131 2560 1163 2604 v.
1182 2541 1237 2606 35.

225 2657 309 2726 ἅπας
339 2652 372 2717 δὲ
404 2655 538 2739 τραχύς,
568 2652 651 2724 ὅστις
682 2653 725 2716 ἂν
757 2649 830 2717 νέον
852 2659 970 2737 κρατῇ,
996 2651 1111 2736 Suppl.
1139 2657 1237 2723 1035.

225 2775 340 2856 τραχύς
357 2795 391 2850 γε
411 2769 519 2852 μέντοι
538 2769 632 2850 δῆμος
653 2767 799 2850 ἐκφυγὼν
818 2773 912 2846 κακὰ,
933 2769 995 2856 Ag.
1015 2771 1091 2836 265.
1110 2776 1238 2859 βροτούς

226 2893 376 2972 θρασύνει
404 2887 561 2976 (audacer
580 2883 709 2973 reddit)
721 2917 741 2934 ·
752 2891 1137 2976 αἰσχρόμητις-παρακοπὰ
1156 2917 1240 2980 προσ·

226 3008 395 3088 vortipori,
430 3003 540 3067 Prom.
563 3005 644 3079 863,
678 3001 771 3091 Sept.-
793 3007 869 3070 171.
893 3004 1000 3090 Supra
1022 3030 1053 3074 v.
1078 3011 1134 3076 80.
1157 3035 1238 3097 τρα-

229 3127 340 3211 χύτης,
371 3121 523 3186 durities
545 3119 741 3186 adscribitur
761 3121 906 3200 Robori,
936 3123 1027 3209 quod
1048 3146 1114 3190 non
1133 3128 1241 3192 fleoti-

220 3255 283 3307 aur
311 3240 439 3306 miserie
469 3235 678 3315 Promethei,
714 3259 835 3324 quare,
856 3241 981 3306 etiamsi
1002 3254 1149 3308 metrum
1173 3249 1240 3310 non

227 3369 442 3433 monstraret,
480 3377 574 3422 sensu
599 3368 710 3420 tamen
732 3357 814 3419 illud
834 3365 1012 3439 praestaret
1034 3381 1112 3442 prae
1139 3365 1241 3428 altero

228 3482 428 3562 θρασύτητα,
459 3475 549 3559 quod
570 3473 719 3538 nonnulli
742 3473 817 3538 libri
838 3474 1006 3557 praebent.
1051 3477 1131 3544 Eur.
1153 3477 1241 3547 Med.

231 3596 306 3660 447.
332 3599 462 3680 τραχεῖα
483 3592 571 3677 ὀργή.
597 3589 661 3655 Sed
684 3590 769 3655 inira
789 3612 820 3656 v.
846 3589 923 3656 311.
944 3595 972 3656 εἰ
995 3592 1025 3658 δ’
1042 3579 1103 3659 ὧδε
1120 3603 1243 3683 τραχεῖς

230 3714 284 3774 καὶ
314 3709 527 3794 τεθηγμένους
553 3707 662 3788 ἓογσνς
690 3707 837 3792 Ῥίψεις,
861 3730 970 3774 aeneus
990 3687 1131 3778 alterum
1156 3735 1243 3799 quo-

231 3847 295 3910 que
316 3825 523 3900 admitterem
558 3829 601 3890 of.
623 3831 870 3911 θρασυστομεῖν,
894 3848 940 3893 τε.
962 3829 1047 3906 200,
1071 3838 1243 3918 θρασυστο-
1367 3873 1369 3878 -

230 3965 308 4027 μσς,
331 3940 507 4028 Αρ.’1372.
527 3943 619 4008 Infra
637 3965 670 4009 v.
692 3944 756 4007 186
773 3946 895 4008 lemme
907 3944 941 4007 in
952 3943 1044 4012 Vasa.
1061 3949 1090 4013 l.
1102 3971 1168 4014 non
1181 3923 1244 4014 rni-

232 4081 293 4124 nua
310 4070 424 4126 eontra
442 4079 570 4124 sensum
590 4081 691 4146 quam
710 4073 824 4126 eontra
839 4075 984 4127 metrum
1003 4068 1121 4149 θρασύς
1133 4067 1244 4133 habet.
