2988 5020
700 393 761 454 145

217 603 277 685 (ad
298 599 398 686 959),
422 603 512 685 quod
536 606 673 682 propter
694 617 802 662 versus
826 596 1005 679 strophicos
1028 615 1093 658 non
1115 595 1241 680 proba-⁶

218 721 283 787 bile
307 735 372 797 θεῖς
397 716 543 802 975-977
565 715 643 781 Ant.
666 715 690 778 B
718 713 773 802 (ad
792 711 895 800 967),
919 717 974 777 sed
994 714 1028 777 hi
1054 733 1162 778 versus
1187 695 1240 777 vel

218 837 260 900 ab
285 850 425 918 utraque
448 855 557 899 sorore
577 835 629 897 vel
648 833 920 897 achoro‘cantati
943 843 1036 909 sunt3
1059 833 1137 896 978.
1161 831 1240 896 Ism.

219 956 296 1028 970,
322 953 401 1022 Ant.
423 953 448 1016 B
472 955 525 1039 (ad
548 949 640 1036 967).
688 949 843 1016 Ceterum
867 949 973 1014 Schol.
997 950 1027 1013 A
1047 951 1089 1014 ad
1110 971 1141 1015 v.
1163 952 1240 1016 969.

220 1071 287 1138 οὐδ’
311 1075 396 1135 ἵκεθ’
422 1073 464 1143 053
492 1070 684 1136 κατέκτανεν
707 1069 919 1134 baechabet:
961 1067 1140 1150 Ἐτεοκλῆς·
1167 1074 1242 1154 πρὸ·

219 1213 308 1274 τερος
332 1193 390 1275 γὰρ
408 1187 579 1253 κατέκτανε
606 1190 661 1254 τὸν
685 1186 895 1272 Πολυνείκην.
942 1185 1049 1250 Minus
1073 1188 1173 1256 bene,
1200 1199 1238 1251 ut

222 1309 367 1386 videtur3
388 1329 465 1370 nam
485 1306 584 1372 verba
605 1305 659 1370 illa
676 1307 853 1370 necessario
878 1307 919 1368 ad
944 1305 1032 1369 idem
1051 1305 1238 1370 subiectum

219 1438 297 1492 sunt
321 1407 515 1500 referenda,
540 1445 583 1488 ae
600 1423 747 1506 proxime
769 1445 954 1510 praegressa
972 1429 1103 1506 πήματα
1137 1424 1242 1488 ’Eorta

222 1543 292 1628 ξοντ’
308 1539 484 1630 (ostendit)
505 1544 539 1604 ἐκ
559 1547 660 1622 φυγᾶς
683 1543 761 1624 ἐμοὶ,
785 1541 818 1604 id
842 1541 951 1606 estad
974 1541 1157 1627 Polynicem
1181 1541 1242 1606 ita⁴

181 1693 183 1702 ι
224 1681 291 1745 que
316 1663 426 1733 σωθεὶς
449 1681 482 1724 v.
496 1661 560 1723 966
588 1673 642 1722 est:
669 1659 841 1722 incolumis
864 1679 1008 1723 reversus
1031 1659 1065 1721 in
1089 1660 1243 1742 patriam.

227 1777 352 1866 (both.)
374 1777 415 1840 In
440 1775 566 1862 reliqua
589 1777 741 1840 carminis
761 1789 873 1860 parte,
898 1777 1022 1860 quoties
1045 1779 1161 1841 fratres
1181 1778 1243 1841 sibi

223 1907 437 1980 opponuntur
458 1895 623 1980 Antigone
643 1894 799 1979 Polynicis
810 1939 819 1970 ,
844 1894 971 1958 Ismene
993 1895 1131 1960 Eteoclis
1150 1916 1241 1960 mor-

223 2029 292 2080 tem
317 2018 418 2100 luget.
443 2013 550 2078 Schol.
575 2011 617 2076 A.
643 2011 684 2075 ad
708 2012 795 2074 946:
819 2019 840 2092 ή
862 2011 1042 2096 Ἀντιγόνη
1066 2018 1139 2096 φησὶ
1163 2017 1241 2097 πρὸς

225 2135 281 2198 τὸν
302 2130 524 2214 Πολυνείκην,
560 2132 692 2212 rupis&
715 2131 768 2193 aar
792 2129 897 2193 πεσὼν
920 2131 1053 2212 {rapae
1100 2129 1239 2204 Φιλικῶς

225 2252 285 2334 γὰρ
308 2248 440 2314 διέκειτο
464 2251 540 2332 πρὸς
557 2249 665 2314 αὐτόν.
710 2245 827 2330 Itaque
843 2260 990 2336 ¹praestat
1014 2269 1059 2311 vs,
1080 2247 1145 2312 978
1169 2249 1241 2332 qui·

225 2383 304 2430 cum
337 2368 486 2431 cohaeret
511 2366 597 2441 980,
630 2365 813 2451 Antigonae
838 2385 939 2448 quam
967 2385 1046 2430 cum
1070 2363 1178 2429 Schol.
1203 2367 1241 2435 B.

224 2485 371 2549 Ismenae
394 2483 587 2549 adscribere.
634 2482 765 2548 Nullam
785 2497 901 2548 tamen
922 2503 986 2546 esse
1007 2483 1093 2547 inter
1118 2505 1242 2548 sorores

226 2603 266 2664 de
292 2603 434 2664 fratrum
459 2605 553 2683 culpa
577 2603 821 2666 altercationem
847 2614 982 2683 apparet
1005 2601 1178 2684 praecipue
1201 2623 1242 2665 ex

225 2741 286 2785 rss.
300 2721 377 2793 909,
401 2739 491 2800 seqq.
514 2717 584 2792 ubi,
608 2731 781 2802 postquam
796 2716 960 2803 Antigone
980 2717 1147 2784 Eteoclem
1172 2730 1244 2782 tan-

227 2857 329 2922 quam
353 2846 521 2900 auctorem
544 2836 694 2922 omnium
716 2838 881 2900 malorum
902 2836 1098 2922 designavit,
1116 2837 1245 2902 Ismene

226 2977 293 3018 non
318 2955 430 3028 affert,
456 2951 575 3036 quibus
598 2950 695 3016 illum
721 2965 871 3030 excuset,
897 2968 953 3018 aut
976 2969 1105 3038 partem
1130 2959 1245 3038 culpae

226 3073 261 3135 in
280 3070 464 3156 'Polynicen
489 3072 655 3144 conserat,
692 3074 747 3136 sed
779 3072 949 3156 utriusque
982 3073 1090 3136 fratris
1121 3087 1246 3137 sortem

227 3191 385 3273 deplorat.
431 3187 580 3252 Nimium
606 3187 706 3275 igitur
730 3190 875 3254 studium
900 3189 999 3253 habet
1024 3191 1106 3254 illud
1131 3193 1167 3254 oti
1192 3190 1244 3268 δὲ,

226 3329 272 3375 ra.
298 3309 384 3382 941,
419 3309 529 3392 quod,
564 3319 673 3371 metro
706 3327 837 3390 quoque
867 3305 1025 3370 indicium
1047 3307 1243 3391 praebente,

227 3425 449 3490 omittendum
482 3423 621 3490 videtur.
676 3419 893 3488 scribendum
927 3446 1003 3490 cum
1029 3426 1245 3494 Lachmanno

228 3543 344 3616 ἔθανες
371 3543 551 3620 κατακτὰς,
581 3543 633 3606 vel
657 3536 755 3616 aava
778 3563 827 3620 κ.;
851 3563 930 3605 nam
955 3544 1124 3629 augmenti
1146 3548 1244 3611 omis-

226 3659 273 3724 sio
301 3662 363 3724 hoc
391 3659 525 3743 quidem
559 3659 631 3723 loco
654 3661 782 3724 nullam
808 3661 1016 3725 offensionem
1043 3663 1163 3728 habere
1185 3687 1244 3748 po-

229 3790 301 3844 test.
348 3775 404 3840 His
433 3789 465 3840 et
487 3777 696 3861 sequentibus
722 3775 866 3843 versibus
890 3783 1023 3863 poe'tam
1048 3783 1087 3846 ad
1111 3781 1246 3868 Polyni-

230 3917 289 3960 cen
301 3896 390 3978 prius
412 3896 664 3960 occumbentem
683 3897 851 3980 respicere,
870 3918 935 3960 non
951 3897 1170 3981 improbabile
1184 3914 1243 3965 est.
1302 3903 1307 3908 ’

278 4015 373 4080 1000.
397 4008 495 4089 Elia,
521 4011 559 4080 Β.
583 4015 621 4080 iu.
640 4018 753 4080 lemm.
775 4015 816 4080 ad
839 4015 922 4090 987,
948 4015 1036 4099 quod
1056 4016 1109 4080 hic
1129 4018 1244 4089 codem

1090 4135 1131 4198 19
