2988 5020
664 411 726 472 119

194 623 252 700 τήν
276 620 391 702 αι’χμήο
417 617 470 679 καὶ
494 615 587 680 ’ἕνεκα
611 617 674 679 τῶν
695 616 820 698 πετρῶν
847 618 886 677 τὰ
910 613 1115 701 προβλήματα
1137 620 1205 696 ήτοι

194 739 235 798 τὰ
251 738 427 817 excordem.
441 767 486 780 -
508 734 637 817 Αἷχμής
656 735 710 794 καλ
731 732 852 813 πετρῶν
872 730 1076 817 προβλήματα
1096 733 1204 794 forent

195 850 403 914 munimenta
422 859 544 912 contra
564 849 690 911 hastam
704 861 737 910 et
748 868 834 910 saxa.
859 845 911 912 Cf.
925 845 1026 929 Soph.
1039 848 1089 910 Ai.
1106 849 1203 920 1191,

198 969 303 1042 1198,
328 966 427 1030 Hom.
448 965 488 1029 ll.
509 963 582 1031 XV.
607 966 683 1028 646.
729 965 838 1048 Atque
861 964 905 1027 sic
928 977 1002 1047 apte
1022 985 1133 1029 ocreae
1149 984 1204 1028 vo-

193 1097 356 1149 carentur.
404 1082 538 1147 Alcaeus
574 1084 661 1164 apud
698 1080 818 1147 Athen.
853 1082 944 1147 XIV.
980 1104 1012 1165 p.
1050 1085 1129 1148 627.
1165 1082 1204 1146 Α.

195 1199 444 1287 (Valckenaerio
463 1194 623 1282 laudatus)
644 1198 781 1284 λάμπραι
803 1198 959 1281 aeripedes,
981 1205 1076 1284 ἄρκος
1097 1203 1207 1285 deploro

197 1317 315 1404 βέλεος.
360 1315 424 1381 Sed
455 1315 513 1380 etsi
537 1315 572 1378 in
596 1315 695 1380 armis
720 1317 903 1399 principem
928 1321 995 1381 fere
1020 1321 1130 1380 locum
1155 1330 1206 1380 te.

197 1448 286 1499 teant
309 1454 421 1498 ocreae
447 1431 558 1519 (Hom.
583 1432 622 1498 Il.
646 1432 706 1497 III.
728 1435 814 1509 330,
838 1433 897 1498 XI.
925 1438 984 1510 17,
1009 1447 1042 1497 et
1062 1433 1205 1518 passim),

197 1551 321 1615 mirum
340 1565 453 1615 tamen
472 1552 528 1614 has
546 1553 626 1614 solas
640 1552 805 1632 postulari.
841 1551 982 1637 Vulgata
995 1551 1095 1637 igitur
1114 1571 1207 1633 prae·

199 1669 343 1734 ferenda.
389 1669 493 1744 Raro,
517 1669 798 1750 quemadmodum
821 1665 886 1734 hoo
910 1670 998 1744 loco,
1022 1671 1110 1750 apud
1130 1673 1207 1752 pod-

198 1801 245 1851 tas
278 1787 339 1851 tria
370 1785 569 1850 substantiva
600 1780 645 1849 sic
674 1785 939 1870 coniunguntur,
974 1799 1010 1851 ut
1042 1799 1209 1870 postremo

197 1903 354 1987 particula
379 1904 432 1966 sal
454 1903 703 1985 praemissarum
735 1901 833 1985 idque
857 1903 890 1966 in
911 1903 1050 1986 simplici
1073 1925 1207 1968 enume-

197 2023 338 2095 ratione,
375 2019 474 2084 veluti
501 2041 600 2102 supra
626 2021 686 2094 45,
720 2018 805 2082 Pers.
833 2021 915 2095 304,
951 2021 1059 2084 minus
1083 2022 1208 2084 mirum

197 2153 266 2214 eet,
289 2157 390 2222 quam
416 2136 481 2212 hic,
505 2135 561 2200 ubi
583 2136 717 2200 tertium
740 2136 933 2200 membrum
957 2137 1087 2219 reliquis
1112 2139 1208 2223 longe

199 2254 341 2318 ornatius
360 2265 416 2318 est.
461 2251 574 2336 Neque
598 2250 712 2334 Suppl.
738 2254 814 2318 520.
839 2266 913 2336 epte
936 2254 1118 2336 comparari
1144 2274 1207 2336 po·

197 2384 277 2447 test,
314 2371 370 2435 ubi
404 2372 457 2433 καὶ
481 2368 631 2434 membra
653 2383 802 2458 accurate
825 2373 1002 2454 adaequata
1026 2371 1206 2456 coniungit.

200 2488 261 2552 llic
283 2489 426 2572 positum
452 2487 597 2561 videtur,
622 2485 698 2569 quia
724 2487 804 2562 tria,
837 2508 920 2570 quae
944 2509 1207 2553 commemoran-

199 2619 264 2681 tur,
287 2619 396 2669 totum
418 2603 627 2668 constituunt.
672 2581 887 2689 Προβλήματα
906 2609 1028 2688 πετρῶν
1050 2606 1210 2691 significat

200 2722 336 2786 loricam
364 2735 396 2785 et
420 2722 583 2806 clypeum.

245 2840 322 2904 666.
345 2837 466 2922 Κέρδος
489 2841 545 2913 iv,
569 2835 676 2902 Schol.
701 2836 741 2904 A.
766 2841 806 2902 ad
832 2840 914 2914 669,
945 2841 1032 2922 quod
1055 2852 1127 2904 tum
1152 2843 1207 2906 tle-

199 2977 295 3018 mum
321 2955 400 3019 ferri
423 2966 544 3036 posset,
566 2954 590 3018 si
609 2954 758 3037 deinceps
780 2957 1017 3039 explicaretur,
1041 2959 1208 3041 quodnam

199 3085 278 3136 esset
301 3071 381 3135 illud
404 3072 548 3134 lucrum.
593 3068 813 3135 Blomfieldius
830 3072 948 3157 igitur,
972 3072 1028 3154 qui
1049 3073 1129 3136 illud
1158 3095 1214 3136 re·-

199 3188 305 3272 cepit,
328 3190 462 3251 lacunae
483 3187 613 3272 signum
638 3200 711 3268 post
734 3189 825 3252 huno
847 3209 976 3252 versum
1002 3189 1129 3270 posuit,
1161 3190 1209 3254 in·

199 3307 316 3370 ductus
340 3303 523 3369 verbosiore
547 3302 689 3368 eiusdem
714 3303 898 3386 interpretis
920 3305 961 3368 ad
985 3326 1015 3369 v,
1041 3307 1117 3370 668.
1153 3328 1208 3372 ex·

201 3420 386 3504 plicatione.
431 3417 494 3484 Sed
525 3422 567 3486 cf.
604 3419 640 3484 A.
676 3419 717 3483 ad
744 3419 832 3495 682,
864 3421 904 3484 ad
927 3419 1036 3486 Prom.
1061 3423 1147 3499 887,
1171 3423 1208 3489 Β.

200 3541 241 3603 ad
264 3539 349 3604 Pers.
368 3539 444 3602 213.
490 3536 579 3601 Nihil
600 3536 749 3600 excidisse
772 3537 947 3612 confirmat
969 3538 1067 3602 etiam
1092 3561 1209 3624 aequu-

201 3654 237 3717 lis
262 3675 413 3718 uersuum
431 3654 490 3718 sibi
511 3651 778 3735 respondentium
802 3673 958 3718 numerus
983 3676 1013 3719 v.
1031 3655 1108 3731 671,
1123 3657 1208 3734 676,

201 3771 287 3845 681,
314 3771 392 3836 691.
437 3771 477 3834 ln
509 3769 715 3834 annotatione
738 3771 794 3833 illa
822 3772 864 3834 ad
890 3771 967 3856 668.
991 3772 1096 3837 verbis
1121 3778 1211 3838 τοῦτό

202 3910 276 3970 φησι
306 3891 340 3953 τὸ
369 3886 499 3962 εὐκλεῶς
534 3889 713 3954 ἀποθανεῖν
745 3887 901 3970 praeponi
925 3888 1065 3953 debebat
1088 3892 1211 3956 lemma

187 4009 297 4086 privor
321 4009 381 4088 γὰρ
403 4001 520 4087 κέρδος.
567 4003 776 4072 Wellauerus
799 4003 877 4067 ἔστω
891 4003 931 4066 ad
949 4002 1047 4067 verba
1064 4006 1212 4086 proxime
