3050 5034
720 525 759 585 47

232 728 505 812 ἔγγραφον-ὃταν
524 727 683 812 περάσῃς).
729 726 845 810 ltaque
869 729 983 790 lacuna
1007 727 1072 790 iam
1096 725 1169 790 satis
1185 744 1243 800 un·¹

231 847 324 930 tiqua
344 853 400 910 est.
431 842 516 908 Nam
536 843 734 909 intercidisse
752 845 913 928 quaedam
940 858 1011 926 post
1033 865 1063 908 v.
1077 845 1154 908 793.
1173 864 1243 908 eer-

231 967 305 1026 tum
330 977 428 1046 puto;
462 964 551 1045 quod
576 975 614 1026 ut
645 961 755 1026 multis
782 965 1040 1037 demonstretur,
1073 982 1139 1024 non
1162 981 1243 1043 opus
1291 955 1292 960 ’

233 1095 299 1157 est,
320 1103 426 1164 quum
450 1081 643 1146 recentiores
664 1081 800 1144 editores
821 1083 861 1154 ad
885 1102 988 1143 unum
1018 1101 1130 1144 omnes
1155 1080 1243 1142 idem

232 1198 384 1262 sentiant.
419 1198 536 1263 Verbis
549 1201 628 1264 ὅταν
641 1205 774 1285 περάσῃς
791 1198 1003 1262 Prometheus
1021 1196 1243 1261 narrationem

233 1337 265 1380 v.
278 1317 362 1380 737.
392 1315 610 1397 interruptam
638 1317 793 1389 resumit,
827 1337 928 1399 quare
953 1315 1024 1388 hio,
1060 1328 1098 1378 ut
1126 1335 1244 1396 supra,

226 1436 275 1497 'da
288 1433 432 1515 Bosporo
445 1430 646 1497 Cimmerico
664 1434 874 1520 cogitandum
894 1447 955 1509 est,
980 1455 1047 1516 quo
1059 1433 1192 1498 traiecto
1210 1431 1246 1496 lo

236 1551 396 1614 orientem
419 1571 527 1614 versus
548 1547 642 1636 (793)
662 1572 795 1614 cursum
812 1551 935 1636 dirigit.
968 1551 1094 1615 Iterum
1114 1551 1248 1614 traiecto

233 1667 320 1732 mari
339 1665 432 1757 (794)
455 1667 605 1750 pervenit
624 1671 665 1731 ad
681 1667 874 1744 -Phorcides,
899 1672 936 1740 ἃς
953 1671 1024 1732 οὔθ’
1044 1666 1130 1750 ἣλιος
1151 1692 1248 1753 προς·

237 1786 378 1871 δέρκεται
391 1786 555 1865 Ἀκτῒοιν,
579 1789 651 1851 οὔθ’
673 1793 852 1868 ήνοκτερος
868 1792 950 1868 μήνη
971 1785 1047 1850 ποτέ
1067 1785 1159 1874 (798,
1170 1783 1247 1870 sq.),

235 1905 344 1988 itaque
365 1902 600 1986 septentriones
617 1925 725 1967 versus
745 1901 905 1969 habitant.
950 1901 1060 1987 Quare
1082 1906 1170 1968 haud
1191 1902 1248 1968 ab·

236 2043 353 2086 sonum
379 2021 478 2084 fuerit
497 2034 656 2097 statuere,
681 2043 711 2084 v.
731 2022 807 2085 794.
855 2018 1009 2103 Caspium
1034 2043 1126 2085 mare
1150 2022 1249 2108 signi·

236 2141 344 2216 ficari;
370 2160 473 2223 quam
494 2136 676 2202 Hermanni
694 2139 890 2202 sententiam
916 2137 1021 2228 (Obss.
1048 2136 1129 2203 Crit.
1146 2141 1246 2222 p.32,

235 2278 285 2340 sq.
314 2259 356 2320 ef.
381 2257 589 2342 Reinganum
623 2257 657 2318 in
680 2255 777 2319 Jahni
803 2256 890 2320 Ann.
917 2278 947 2321 a.
975 2257 1072 2322 1828.
1099 2257 1141 2320 V.
1171 2255 1247 2321 VII.

236 2396 270 2457 p.
294 2372 388 2459 336.)
425 2395 490 2438 non
514 2373 608 2437 video
633 2373 767 2460 infringi
792 2373 852 2448 iis,
877 2396 961 2458 quae
987 2375 1125 2460 protulit
1149 2373 1249 2438 Klau-

236 2492 359 2568 senius,
384 2493 418 2555 in
441 2490 524 2556 Mus.
551 2490 812 2558 Rhen.v.111.
839 2513 872 2574 p.
910 2494 987 2556 308.
1025 2490 1152 2582 (1829).
1183 2492 1249 2556 Illis

237 2611 338 2697 igitur
371 2610 537 2685 versibus,
577 2611 636 2693 qui
675 2610 891 2686 interierunt,
934 2611 1117 2693 expositum
1151 2611 1250 2678 fuerit

238 2730 278 2793 de
301 2728 462 2814 gentibus,
485 2748 565 2810 quas
590 2727 627 2790 Io
650 2727 735 2790 intra
757 2727 937 2810 Bosporum
954 2727 1191 2792 Cimmericum
1217 2740 1251 2792 et
1355 2775 1357 2779 -

238 2867 330 2908 mare
368 2843 522 2927 Caspium
557 2845 664 2908 visura
700 2859 790 2910 esset.
836 2844 933 2929 Quod
956 2847 982 2910 si
1013 2848 1078 2910 huc
1109 2846 1251 2928 pertinet

155 2967 161 2978 “
239 2965 484 3048 fragmentum,
509 2965 599 3045 quod
619 2983 659 3025 ea
680 2963 875 3027 Prometheo
894 2963 1016 3032 Virroto
1040 2967 1133 3030 affert
1154 2963 1249 3028 Gale-

238 3100 299 3144 nus
325 3081 389 3144 vol.
408 3078 451 3145 V.
483 3100 516 3161 p.
542 3080 618 3142 454.
651 3082 701 3144 ed.
736 3081 830 3146 Basil.
859 3081 973 3169 (frgm.
1012 3083 1086 3145 181.
1116 3078 1248 3166 Dind.),

240 3199 501 3280 multoplures,
535 3217 636 3280 quam
659 3197 705 3261 illi
730 3211 870 3281 quatuor
896 3220 1025 3275 versus,
1047 3196 1249 3265 exciderunt.

284 3316 362 3379 838.
387 3312 427 3377 In
446 3311 577 3378 Scholio
599 3311 638 3379 A.
656 3315 697 3378 ad
718 3316 795 3379 837.
818 3335 879 3396 pro
898 3315 1138 3399 παραγενομένη
1157 3314 1250 3404 (1.2).

239 3433 273 3497 in
292 3431 383 3496 Voss.
407 3435 437 3495 l.
461 3431 580 3516 legitur
601 3433 675 3516 βούς
692 3431 854 3514 γενομένη.
900 3431 998 3512 Apud
1019 3430 1046 3494 F
1048 3433 1133 3495 aehs.
1144 3430 1249 3516 (836.)

239 3553 371 3636 vulga-ta
403 3553 527 3626 exstat,
563 3546 724 3630 adscripta
746 3561 857 3612 tamen
880 3548 968 3612 varie
990 3548 1128 3612 lectione
1155 3549 1252 3637 (quae

239 3671 325 3732 male
343 3667 507 3733 aFaehsio
531 3669 572 3731 ad
593 3667 739 3730 soholion
759 3689 790 3730 v.
804 3668 881 3733 831.
899 3670 1000 3732 relata
1023 3665 1083 3753 est)
1109 3669 1252 3734 ἐνταῦθα

243 3787 316 3870 βοῦς
338 3785 516 3868 γενομένη·
529 3783 617 3871 iperi.
663 3781 696 3848 Si
719 3783 878 3867 interpres
900 3785 979 3870 legit
998 3784 1138 3869 aliquid,
1163 3787 1253 3870 quod

240 3912 315 3983 apte
339 3921 397 3981 per
425 3905 498 3987 βούς
521 3927 588 3980 γεν.
611 3903 764 3985 explicari
786 3916 900 3986 posset,
924 3903 1180 3986 improbandum
1193 3917 1249 3981 est3

242 4031 404 4103 pugnaret
428 4018 516 4082 enim
540 4041 618 4084 cum
641 4041 672 4088 r.
690 4021 770 4086 676.
895 4057 904 4067 -

286 4135 364 4199 840.
387 4133 677 4215 nazaraenae,
700 4137 737 4202 B.
754 4139 795 4203 ad
808 4138 892 4215 838;
917 4159 1023 4224 neque
1044 4137 1250 4204 ahhorretA.
