3050 5034
690 393 737 436 ΠΙ

218 579 256 642 τὸ
294 577 391 660 τέρμα
416 579 472 642 τοῦ
502 579 658 664 παρὸυτος
682 575 857 665 Αἰσχύλου.
907 576 1061 666 Singulae
1095 577 1234 667 paginae

221 692 391 760 continent
402 695 481 760 duas
497 696 560 770 rel,
577 695 635 760 ubi
645 695 768 763 scholia
779 696 950 774 ferebant,
970 707 1035 762 tres
1052 698 1231 764 colunmas.

221 811 433 878 Charonteres
443 825 520 878 sunt
530 813 749 890 minutissimi,
759 813 873 879 crebra
885 814 1065 897 scripturas
1075 836 1234 899 compen.

220 931 288 1009 dia;
308 931 343 994 in
356 939 504 996 extrema
516 930 712 1019 paginarum
723 943 816 1015 porte
827 935 986 998 nonnulla
998 934 1143 1000 evanida.
1169 934 1232 1000 Ac·

221 1061 334 1113 centus
356 1061 389 1114 et
410 1049 541 1132 spiritus
558 1049 692 1124 adsunt,
715 1050 771 1114 sed
792 1070 885 1133 asper
910 1061 944 1114 et
963 1049 1043 1114 lenis
1065 1072 1158 1133 saepe
1178 1051 1232 1116 rix

220 1165 359 1232 discerni
390 1178 534 1248 possunt.
584 1164 690 1232 verba
716 1166 882 1230 elisionem
909 1166 1006 1253 (quae
1030 1167 1154 1249 saepius
1173 1189 1235 1232 ne-

220 1281 370 1372 gligitur)
394 1304 484 1365 passa
505 1279 682 1347 arctissime
700 1303 778 1348 curn
794 1283 1002 1366 sequentihus
1023 1285 1232 1366 copulantur3

223 1426 241 1467 ν
265 1399 483 1482 insinuantia
507 1419 576 1464 non
592 1417 669 1464 raro
685 1400 904 1484 desideratum
925 1413 1157 1483 permutantur
1178 1412 1234 1467 tet

222 1528 252 1593 o,
272 1529 292 1582 ϋ
312 1531 345 1582 et
362 1544 401 1601 η,
424 1542 458 1582 αι
471 1530 504 1582 et
521 1542 545 1582 ε.
577 1515 732 1583 Continet
745 1516 943 1582 Scholiasten
955 1516 995 1584 A.
1008 1519 1156 1602 plenum,
1170 1517 1191 1583 i.
1202 1540 1233 1583 e.

222 1657 288 1702 una
303 1657 382 1701 curn
403 1636 461 1712 iis,
478 1657 562 1720 quae
581 1635 790 1700 Robortollus
814 1647 847 1700 et
869 1638 958 1700 huno
974 1636 1077 1702 secuti
1098 1636 1236 1702 editores

224 1753 414 1818 omIscrnnt.
461 1725 560 1817 Liber
582 1775 662 1818 saec.
687 1751 769 1818 XIII
792 1774 860 1816 non
884 1753 1048 1837 antiquior
1072 1754 1212 1819 uidetur.

269 1869 361 1935 Alter
373 1870 466 1946 liber,
481 1871 537 1954 qui
551 1885 598 1935 est
610 1893 628 1934 e
639 1868 800 1937 Vossianis
812 1873 938 1935 formae
946 1871 1108 1936 maximas
1121 1870 1181 1938 No.
1192 1875 1235 1938 23

226 1987 331 2076 (Voss.
356 1985 414 2072 2),
439 1985 619 2052 admodum
653 1988 778 2054 recenti
800 1990 855 2052 sed
876 1986 1112 2074 elegantissima
1131 2011 1235 2055 manu

223 2105 374 2187 scriptus,
400 2103 543 2166 continet
561 2102 806 2179 Prometheum,
830 2102 963 2187 Septem
983 2118 1096 2169 contra
1108 2105 1237 2170 Thebas

222 2223 341 2286 Persas.
387 2219 593 2286 Accuratum
624 2222 713 2284 hunc
745 2241 810 2285 esso
841 2223 1071 2306 apographum
1103 2223 1236 2288 Parisini

221 2339 282 2415 B.,
318 2339 413 2404 didici
445 2360 484 2402 er
507 2337 633 2405 Faehsii
655 2334 795 2425 Splloya
817 2339 1000 2404 lectionum
1023 2336 1237 2406 Graecarum

220 2458 422 2546 glossarum
447 2455 661 2522 scholiorum
692 2459 733 2521 irs
768 2460 926 2546 tragicos
962 2451 1110 2523 Graecos
1135 2471 1238 2547 atque

162 2581 165 2584 ’
224 2574 412 2640 Platonem
441 2573 541 2664 (Lips.
572 2574 694 2658 1813),
719 2575 754 2638 in
783 2597 870 2659 qua,
904 2586 979 2662 pag.
1000 2578 1098 2650 3-67.
1124 2579 1237 2642 omnia

222 2693 343 2756 scholia
367 2694 408 2756 ad
433 2691 664 2757 Prometheum
691 2712 730 2756 ex
752 2691 809 2756 illo
830 2692 914 2755 libro
936 2689 1031 2773 (Cod.
1053 2689 1155 2778 2787)
1181 2695 1238 2758 de·

222 2809 342 2892 scripta
371 2821 467 2887 sunt;
495 2808 616 2874 scholia
639 2811 681 2874 ad
698 2807 838 2893 reliquas
858 2810 937 2882 duas
957 2808 1082 2873 labnlas
1106 2810 1238 2894 quomi-

222 2948 283 2992 nus
312 2925 461 2990 similiter
492 2927 623 3001 ederet,
646 2923 799 2991 Faehsius
822 2925 978 3008 temporis
1000 2927 1154 3012 angustiis
1174 2927 1238 2992 im·

223 3044 350 3128 peditus
368 3040 443 3108 fuir.
473 3041 560 3106 Haec
577 3043 678 3129 igitur
702 3064 742 3108 ex
761 3042 851 3110 Voss.
875 3044 907 3109 2.
926 3044 1085 3126 suppleri.
1108 3079 1154 3093 -
1176 3042 1239 3109 Ce-

223 3175 333 3227 terum
356 3161 426 3227 Par.
440 3160 476 3226 B.
491 3160 634 3226 continet
650 3172 780 3243 praeter
796 3161 920 3225 fabulas
930 3159 1079 3245 Aeschyli
1093 3163 1237 3226 laudatos

223 3277 391 3365 Sophoclis
414 3277 580 3361 Oedipum
611 3278 672 3354 R.‚
703 3275 871 3360 Oedipum
902 3276 993 3353 Col,
1027 3276 1236 3356 Trachinins,

222 3397 465 3473 Philoctetem,
487 3416 570 3480 qnae
597 3395 631 3458 in
651 3393 743 3460 Voss.
769 3398 803 3460 2.
827 3394 942 3459 omissa
963 3408 1049 3461 sunt.
1095 3397 1167 3463 Par.
1191 3410 1239 3464 est

222 3537 305 3582 saec.
330 3513 424 3580 XIV.
471 3511 523 3578 Cf.
547 3511 575 3576 F
576 3509 662 3576 aehs.
687 3509 792 3576 Praei.
813 3532 847 3595 p.
870 3510 1001 3587 XVIII,
1024 3529 1073 3596 sq.

267 3633 383 3717 Itaque
419 3633 502 3708 dno,
519 3627 676 3716 distingui
708 3628 828 3694 debent
864 3630 1063 3696 scholiorum
1096 3651 1237 3716 genera;

221 3747 343 3814 scholia
362 3749 461 3814 literis
482 3748 520 3812 A
537 3759 569 3813 et
587 3751 622 3814 Γ
642 3760 764 3825 notata,
784 3759 817 3811 et
833 3746 940 3814 Schol.
954 3753 999 3812 B.
1023 3746 1063 3812 In
1082 3751 1173 3814 nullo
1185 3769 1239 3814 co-

221 3864 294 3929 dice
307 3877 488 3950 utrumque
511 3868 575 3931 hoo
594 3885 696 3953 genus
713 3865 918 3948 permirtum
938 3887 1002 3930 esse
1024 3866 1163 3933 videtur.
1198 3865 1239 3932 In

221 3981 323 4065 priori
345 4003 454 4047 rursus
474 3995 537 4049 tres
555 3983 644 4068 quasi
668 3985 777 4048 classes
801 3983 999 4050 scholiorum
1023 3985 1103 4059 mihi
1128 3985 1241 4052 videor
