<?xml version="1.0" encoding="UTF-8"?>
<!DOCTYPE html PUBLIC "-//W3C//DTD XHTML 1.0 Transitional//EN"
    "http://www.w3.org/TR/xhtml1/DTD/xhtml1-transitional.dtd">
<html xmlns="http://www.w3.org/1999/xhtml" xml:lang="en" lang="en">
 <head>
  <title>
</title>
<meta http-equiv="Content-Type" content="text/html;charset=utf-8" />
  <meta name='ocr-system' content='tesseract 3.04.00' />
  <meta name='ocr-capabilities' content='ocr_page ocr_carea ocr_par ocr_line ocrx_word'/>
</head>
<body>
  <div class='ocr_page' id='page_1' title='image "./disputatiocriti00frangoog_0093.png"; bbox 0 0 3050 5034; ppageno 0'>
   <div class='ocr_carea' id='block_1_1' title="bbox 817 445 859 507">
    <p class='ocr_par' dir='ltr' id='par_1_1' title="bbox 817 445 859 507">
     <span class='ocr_line' id='line_1_1' title="bbox 817 445 859 507; baseline 0 0"><span class='ocrx_word' id='word_1_1' title='bbox 817 445 859 507; x_wconf 84' lang='grc'><strong>60</strong></span> 
     </span>
    </p>
   </div>
   <div class='ocr_carea' id='block_1_2' title="bbox 328 649 1338 975">
    <p class='ocr_par' dir='ltr' id='par_1_2' title="bbox 328 649 1338 975">
     <span class='ocr_line' id='line_1_2' title="bbox 373 649 1338 739; baseline 0.002 -24"><span class='ocrx_word' id='word_1_2' title='bbox 373 652 413 716; x_wconf 94' lang='lat' dir='ltr'><strong>ln</strong></span> <span class='ocrx_word' id='word_1_3' title='bbox 437 649 543 716; x_wconf 87' lang='lat' dir='ltr'><strong>Schol.</strong></span> <span class='ocrx_word' id='word_1_4' title='bbox 568 650 607 715; x_wconf 79' lang='lat' dir='ltr'><strong>A.</strong></span> <span class='ocrx_word' id='word_1_5' title='bbox 627 651 666 716; x_wconf 83' lang='lat' dir='ltr'><strong>ed</strong></span> <span class='ocrx_word' id='word_1_6' title='bbox 691 649 775 716; x_wconf 81' lang='grc'><strong>1058</strong></span> <span class='ocrx_word' id='word_1_7' title='bbox 797 663 830 715; x_wconf 84' lang='lat' dir='ltr'><strong>et</strong></span> <span class='ocrx_word' id='word_1_8' title='bbox 854 651 939 714; x_wconf 79' lang='lat'>106³</span> <span class='ocrx_word' id='word_1_9' title='bbox 959 669 1020 734; x_wconf 84' lang='lat' dir='ltr'><strong>pro</strong></span> <span class='ocrx_word' id='word_1_10' title='bbox 1039 653 1140 736; x_wconf 77' lang='grc' dir='ltr'><strong><em>’ὄχημα</em></strong></span> <span class='ocrx_word' id='word_1_11' title='bbox 1161 650 1229 739; x_wconf 75' lang='grc' dir='ltr'><strong>(τῆς</strong></span> <span class='ocrx_word' id='word_1_12' title='bbox 1248 654 1338 738; x_wconf 76' lang='grc' dir='ltr'><strong><em>βρυν·</em></strong></span> 
     </span>
     <span class='ocr_line' id='line_1_3' title="bbox 328 767 1338 856; baseline 0 -22"><span class='ocrx_word' id='word_1_13' title='bbox 328 770 395 855; x_wconf 66' lang='grc' dir='ltr'><strong>τῆς)</strong></span> <span class='ocrx_word' id='word_1_14' title='bbox 420 771 453 833; x_wconf 90' lang='lat' dir='ltr'><strong>in</strong></span> <span class='ocrx_word' id='word_1_15' title='bbox 477 767 603 834; x_wconf 78' lang='lat' dir='ltr'><strong>scholiis</strong></span> <span class='ocrx_word' id='word_1_16' title='bbox 625 769 740 836; x_wconf 87' lang='lat' dir='ltr'><strong>Faebs.</strong></span> <span class='ocrx_word' id='word_1_17' title='bbox 764 783 798 834; x_wconf 86' lang='lat' dir='ltr'><strong>et</strong></span> <span class='ocrx_word' id='word_1_18' title='bbox 821 767 912 837; x_wconf 72' lang='lat' dir='ltr'><strong>voss.</strong></span> <span class='ocrx_word' id='word_1_19' title='bbox 928 775 958 835; x_wconf 87' lang='lat'><strong>1.</strong></span> <span class='ocrx_word' id='word_1_20' title='bbox 983 781 1069 834; x_wconf 86' lang='lat' dir='ltr'><strong>recte</strong></span> <span class='ocrx_word' id='word_1_21' title='bbox 1086 769 1207 856; x_wconf 69' lang='lat' dir='ltr'><strong>legitur</strong></span> <span class='ocrx_word' id='word_1_22' title='bbox 1223 775 1338 856; x_wconf 77' lang='grc' dir='ltr'><strong><em>ἤχημα.</em></strong></span> 
     </span>
     <span class='ocr_line' id='line_1_4' title="bbox 375 881 1337 975; baseline 0 -25"><span class='ocrx_word' id='word_1_23' title='bbox 375 887 471 952; x_wconf 81' lang='lat'>1072.</span> <span class='ocrx_word' id='word_1_24' title='bbox 497 884 607 953; x_wconf 90' lang='lat' dir='ltr'><strong>Schol.</strong></span> <span class='ocrx_word' id='word_1_25' title='bbox 625 888 665 952; x_wconf 80' lang='lat' dir='ltr'><strong>A.</strong></span> <span class='ocrx_word' id='word_1_26' title='bbox 684 888 738 975; x_wconf 83' lang='lat' dir='ltr'><strong>(ad</strong></span> <span class='ocrx_word' id='word_1_27' title='bbox 760 885 980 966; x_wconf 51' lang='lat' dir='ltr'><strong>tororum.</strong></span> <span class='ocrx_word' id='word_1_28' title='bbox 1002 881 1113 971; x_wconf 88' lang='grc'><strong>1070.)</strong></span> <span class='ocrx_word' id='word_1_29' title='bbox 1132 885 1166 950; x_wconf 92' lang='lat' dir='ltr'><strong>in</strong></span> <span class='ocrx_word' id='word_1_30' title='bbox 1183 888 1337 950; x_wconf 73' lang='lat' dir='ltr'><strong>lemmate</strong></span> 
     </span>
    </p>
   </div>
   <div class='ocr_carea' id='block_1_3' title="bbox 328 1005 1338 2151">
    <p class='ocr_par' dir='ltr' id='par_1_3' title="bbox 329 1005 1337 1202">
     <span class='ocr_line' id='line_1_5' title="bbox 329 1005 1337 1090; baseline -0.003 -19"><span class='ocrx_word' id='word_1_31' title='bbox 329 1009 397 1071; x_wconf 74' lang='grc' dir='ltr'><strong>ἄττ’</strong></span> <span class='ocrx_word' id='word_1_32' title='bbox 424 1007 506 1086; x_wconf 74' lang='grc' dir='ltr'><strong>ἐγὼ,</strong></span> <span class='ocrx_word' id='word_1_33' title='bbox 537 1008 589 1070; x_wconf 81' lang='lat' dir='ltr'><strong>rel</strong></span> <span class='ocrx_word' id='word_1_34' title='bbox 611 1018 746 1090; x_wconf 82' lang='lat' dir='ltr'><strong>propter</strong></span> <span class='ocrx_word' id='word_1_35' title='bbox 769 1017 916 1071; x_wconf 88' lang='lat' dir='ltr'><strong>metrum</strong></span> <span class='ocrx_word' id='word_1_36' title='bbox 938 1005 1182 1082; x_wconf 66' lang='lat' dir='ltr'><strong>damnandum</strong></span> <span class='ocrx_word' id='word_1_37' title='bbox 1216 1025 1277 1088; x_wconf 87' lang='lat' dir='ltr'><strong>pro</strong></span> <span class='ocrx_word' id='word_1_38' title='bbox 1299 1023 1337 1068; x_wconf 86' lang='lat' dir='ltr'><strong>eo</strong></span> 
     </span>
     <span class='ocr_line' id='line_1_6' title="bbox 329 1122 884 1202; baseline -0.007 -14"><span class='ocrx_word' id='word_1_39' title='bbox 329 1125 363 1188; x_wconf 88' lang='lat' dir='ltr'><strong>in</strong></span> <span class='ocrx_word' id='word_1_40' title='bbox 387 1123 478 1190; x_wconf 85' lang='lat' dir='ltr'><strong>Voss.</strong></span> <span class='ocrx_word' id='word_1_41' title='bbox 504 1127 532 1188; x_wconf 90' lang='lat'><strong>1.</strong></span> <span class='ocrx_word' id='word_1_42' title='bbox 557 1122 711 1188; x_wconf 76' lang='lat' dir='ltr'><strong>scribitur</strong></span> <span class='ocrx_word' id='word_1_43' title='bbox 734 1125 785 1188; x_wconf 80' lang='grc' dir='ltr'><strong>ἅτ’</strong></span> <span class='ocrx_word' id='word_1_44' title='bbox 813 1125 884 1202; x_wconf 72' lang='grc' dir='ltr'><strong>ἐγώ.</strong></span> 
     </span>
    </p>

    <p class='ocr_par' dir='ltr' id='par_1_4' title="bbox 328 1239 1338 1802">
     <span class='ocr_line' id='line_1_7' title="bbox 373 1239 1338 1325; baseline -0.002 -18"><span class='ocrx_word' id='word_1_45' title='bbox 373 1240 481 1308; x_wconf 91' lang='lat' dir='ltr'><strong>Schol.</strong></span> <span class='ocrx_word' id='word_1_46' title='bbox 502 1241 543 1307; x_wconf 84' lang='lat' dir='ltr'><strong>A.</strong></span> <span class='ocrx_word' id='word_1_47' title='bbox 562 1243 604 1306; x_wconf 85' lang='lat' dir='ltr'><strong>ed</strong></span> <span class='ocrx_word' id='word_1_48' title='bbox 624 1243 711 1306; x_wconf 84' lang='grc'><strong>1080</strong></span> <span class='ocrx_word' id='word_1_49' title='bbox 739 1241 786 1325; x_wconf 86' lang='lat' dir='ltr'><strong>(p.</strong></span> <span class='ocrx_word' id='word_1_50' title='bbox 810 1241 884 1305; x_wconf 85' lang='grc'><strong>132.</strong></span> <span class='ocrx_word' id='word_1_51' title='bbox 902 1239 995 1325; x_wconf 74' lang='lat' dir='ltr'><strong>tl),</strong></span> <span class='ocrx_word' id='word_1_52' title='bbox 1018 1239 1130 1306; x_wconf 76' lang='lat' dir='ltr'><strong>Frebs.</strong></span> <span class='ocrx_word' id='word_1_53' title='bbox 1149 1239 1289 1307; x_wconf 70' lang='lat' dir='ltr'><strong>erveo.</strong></span> <span class='ocrx_word' id='word_1_54' title='bbox 1307 1243 1338 1308; x_wconf 87' lang='lat' dir='ltr'><strong>l.</strong></span> 
     </span>
     <span class='ocr_line' id='line_1_8' title="bbox 329 1358 1338 1450; baseline -0.003 -25"><span class='ocrx_word' id='word_1_55' title='bbox 329 1359 481 1426; x_wconf 76' lang='lat' dir='ltr'><strong>iiiooovcr</strong></span> <span class='ocrx_word' id='word_1_56' title='bbox 507 1361 587 1450; x_wconf 88' lang='lat' dir='ltr'><strong>(non</strong></span> <span class='ocrx_word' id='word_1_57' title='bbox 611 1358 681 1442; x_wconf 75' lang='lat' dir='ltr'><strong>sii.)</strong></span> <span class='ocrx_word' id='word_1_58' title='bbox 704 1363 758 1424; x_wconf 79' lang='lat' dir='ltr'><strong>sei</strong></span> <span class='ocrx_word' id='word_1_59' title='bbox 776 1359 1013 1441; x_wconf 68' lang='grc' dir='ltr'><strong><em>συστρέφουσιν,</em></strong></span> <span class='ocrx_word' id='word_1_60' title='bbox 1036 1359 1149 1422; x_wconf 83' lang='lat' dir='ltr'><strong>eedem</strong></span> <span class='ocrx_word' id='word_1_61' title='bbox 1165 1359 1338 1435; x_wconf 84' lang='lat' dir='ltr'><strong>verietate,</strong></span> 
     </span>
     <span class='ocr_line' id='line_1_9' title="bbox 328 1471 1337 1563; baseline -0.004 -19"><span class='ocrx_word' id='word_1_62' title='bbox 328 1499 412 1563; x_wconf 80' lang='lat' dir='ltr'><strong>quae</strong></span> <span class='ocrx_word' id='word_1_63' title='bbox 435 1499 532 1562; x_wconf 78' lang='lat' dir='ltr'><strong>supro</strong></span> <span class='ocrx_word' id='word_1_64' title='bbox 555 1492 601 1543; x_wconf 84' lang='lat' dir='ltr'><strong>est</strong></span> <span class='ocrx_word' id='word_1_65' title='bbox 623 1501 655 1543; x_wconf 83' lang='lat' dir='ltr'><strong>r.</strong></span> <span class='ocrx_word' id='word_1_66' title='bbox 676 1479 751 1554; x_wconf 86' lang='grc'><strong>138,</strong></span> <span class='ocrx_word' id='word_1_67' title='bbox 776 1479 811 1540; x_wconf 88' lang='lat' dir='ltr'><strong>in</strong></span> <span class='ocrx_word' id='word_1_68' title='bbox 833 1479 989 1541; x_wconf 83' lang='lat' dir='ltr'><strong>lemmate</strong></span> <span class='ocrx_word' id='word_1_69' title='bbox 1006 1471 1117 1541; x_wconf 88' lang='lat' dir='ltr'><strong>Schol.</strong></span> <span class='ocrx_word' id='word_1_70' title='bbox 1136 1475 1174 1541; x_wconf 86' lang='lat' dir='ltr'><strong>ll.</strong></span> <span class='ocrx_word' id='word_1_71' title='bbox 1197 1473 1265 1540; x_wconf 89' lang='lat' dir='ltr'><strong>Sub</strong></span> <span class='ocrx_word' id='word_1_72' title='bbox 1290 1476 1337 1540; x_wconf 89' lang='lat' dir='ltr'><strong>li·</strong></span> 
     </span>
     <span class='ocr_line' id='line_1_10' title="bbox 328 1593 1338 1683; baseline -0.003 -22"><span class='ocrx_word' id='word_1_73' title='bbox 328 1616 406 1661; x_wconf 89' lang='lat' dir='ltr'><strong>nem</strong></span> <span class='ocrx_word' id='word_1_74' title='bbox 431 1616 492 1680; x_wconf 87' lang='lat' dir='ltr'><strong>pro</strong></span> <span class='ocrx_word' id='word_1_75' title='bbox 516 1597 652 1683; x_wconf 76' lang='grc' dir='ltr'><strong><em>τρίχωμα</em></strong></span> <span class='ocrx_word' id='word_1_76' title='bbox 677 1617 717 1660; x_wconf 84' lang='lat' dir='ltr'><strong>ex</strong></span> <span class='ocrx_word' id='word_1_77' title='bbox 745 1595 835 1661; x_wconf 87' lang='lat' dir='ltr'><strong>Voss.</strong></span> <span class='ocrx_word' id='word_1_78' title='bbox 863 1599 893 1660; x_wconf 91' lang='lat' dir='ltr'><strong>l.</strong></span> <span class='ocrx_word' id='word_1_79' title='bbox 917 1593 1178 1660; x_wconf 82' lang='lat' dir='ltr'><strong>substituendum</strong></span> <span class='ocrx_word' id='word_1_80' title='bbox 1203 1607 1249 1658; x_wconf 83' lang='lat' dir='ltr'><strong>est</strong></span> <span class='ocrx_word' id='word_1_81' title='bbox 1273 1617 1338 1676; x_wconf 86' lang='grc' dir='ltr'><strong><em>τρι-</em></strong></span> 
     </span>
     <span class='ocr_line' id='line_1_11' title="bbox 328 1711 989 1802; baseline -0.003 -24"><span class='ocrx_word' id='word_1_82' title='bbox 328 1715 425 1796; x_wconf 70' lang='grc' dir='ltr'><strong><em>κυμία</em></strong></span> <span class='ocrx_word' id='word_1_83' title='bbox 449 1712 614 1802; x_wconf 75' lang='lat' dir='ltr'><strong>(scribitur</strong></span> <span class='ocrx_word' id='word_1_84' title='bbox 639 1712 684 1777; x_wconf 92' lang='lat' dir='ltr'><strong>ibi</strong></span> <span class='ocrx_word' id='word_1_85' title='bbox 708 1711 879 1801; x_wconf 81' lang='grc' dir='ltr'><strong><em>τρυκιμία).</em></strong></span> <span class='ocrx_word' id='word_1_86' title='bbox 987 1721 989 1730; x_wconf 82' lang='grc'><strong>“</strong></span> 
     </span>
    </p>

    <p class='ocr_par' dir='ltr' id='par_1_5' title="bbox 328 1828 1338 2151">
     <span class='ocr_line' id='line_1_12' title="bbox 374 1828 1338 1916; baseline 0.003 -21"><span class='ocrx_word' id='word_1_87' title='bbox 374 1833 472 1898; x_wconf 81' lang='grc'><strong>1002.</strong></span> <span class='ocrx_word' id='word_1_88' title='bbox 495 1829 678 1916; x_wconf 72' lang='lat' dir='ltr'><strong>Stephanus</strong></span> <span class='ocrx_word' id='word_1_89' title='bbox 708 1831 881 1898; x_wconf 83' lang='lat' dir='ltr'><strong>lectionem</strong></span> <span class='ocrx_word' id='word_1_90' title='bbox 905 1835 1003 1913; x_wconf 80' lang='grc' dir='ltr'><strong><em>φόνον</em></strong></span> <span class='ocrx_word' id='word_1_91' title='bbox 1029 1831 1128 1897; x_wconf 82' lang='lat' dir='ltr'><strong>etiem</strong></span> <span class='ocrx_word' id='word_1_92' title='bbox 1150 1831 1185 1898; x_wconf 90' lang='lat' dir='ltr'><strong>in</strong></span> <span class='ocrx_word' id='word_1_93' title='bbox 1208 1828 1338 1898; x_wconf 86' lang='lat' dir='ltr'><strong>scholiis</strong></span> 
     </span>
     <span class='ocr_line' id='line_1_13' title="bbox 328 1949 1337 2034; baseline -0.003 -19"><span class='ocrx_word' id='word_1_94' title='bbox 328 1964 450 2016; x_wconf 80' lang='lat' dir='ltr'><strong>exstare</strong></span> <span class='ocrx_word' id='word_1_95' title='bbox 475 1950 572 2026; x_wconf 87' lang='lat' dir='ltr'><strong>dicit,</strong></span> <span class='ocrx_word' id='word_1_96' title='bbox 595 1950 630 2012; x_wconf 90' lang='lat' dir='ltr'><strong>in</strong></span> <span class='ocrx_word' id='word_1_97' title='bbox 653 1969 720 2034; x_wconf 89' lang='lat' dir='ltr'><strong>quo</strong></span> <span class='ocrx_word' id='word_1_98' title='bbox 744 1957 856 2014; x_wconf 85' lang='lat' dir='ltr'><strong>tamen</strong></span> <span class='ocrx_word' id='word_1_99' title='bbox 879 1950 968 2013; x_wconf 75' lang='lat' dir='ltr'><strong>haud</strong></span> <span class='ocrx_word' id='word_1_100' title='bbox 988 1949 1079 2024; x_wconf 66' lang='lat' dir='ltr'><strong>scio,&#39;</strong></span> <span class='ocrx_word' id='word_1_101' title='bbox 1096 1970 1138 2025; x_wconf 77' lang='lat' dir='ltr'><strong>nn</strong></span> <span class='ocrx_word' id='word_1_102' title='bbox 1163 1949 1259 2013; x_wconf 80' lang='lat' dir='ltr'><strong>falsus</strong></span> <span class='ocrx_word' id='word_1_103' title='bbox 1285 1949 1337 2013; x_wconf 86' lang='lat' dir='ltr'><strong>sit.</strong></span> 
     </span>
     <span class='ocr_line' id='line_1_14' title="bbox 328 2067 1338 2151; baseline -0.003 -16"><span class='ocrx_word' id='word_1_104' title='bbox 328 2068 426 2142; x_wconf 80' lang='lat' dir='ltr'><strong>Certe</strong></span> <span class='ocrx_word' id='word_1_105' title='bbox 451 2069 486 2133; x_wconf 91' lang='lat' dir='ltr'><strong>in</strong></span> <span class='ocrx_word' id='word_1_106' title='bbox 509 2069 647 2134; x_wconf 84' lang='lat' dir='ltr'><strong>editione</strong></span> <span class='ocrx_word' id='word_1_107' title='bbox 672 2068 889 2144; x_wconf 75' lang='lat' dir='ltr'><strong>scholiorum,</strong></span> <span class='ocrx_word' id='word_1_108' title='bbox 913 2069 1075 2151; x_wconf 78' lang='lat' dir='ltr'><strong>adquam</strong></span> <span class='ocrx_word' id='word_1_109' title='bbox 1093 2067 1338 2132; x_wconf 81' lang='lat' dir='ltr'><strong>annotationem</strong></span> 
     </span>
    </p>
   </div>
   <div class='ocr_carea' id='block_1_4' title="bbox 327 2183 1338 2278">
    <p class='ocr_par' dir='ltr' id='par_1_6' title="bbox 327 2183 1338 2278">
     <span class='ocr_line' id='line_1_15' title="bbox 327 2183 1338 2278; baseline -0.005 -23"><span class='ocrx_word' id='word_1_110' title='bbox 327 2189 453 2273; x_wconf 87' lang='lat' dir='ltr'><strong>scripsit</strong></span> <span class='ocrx_word' id='word_1_111' title='bbox 483 2185 600 2278; x_wconf 84' lang='lat' dir='ltr'><strong>(Vict.)</strong></span> <span class='ocrx_word' id='word_1_112' title='bbox 634 2201 682 2253; x_wconf 84' lang='lat' dir='ltr'><strong>est</strong></span> <span class='ocrx_word' id='word_1_113' title='bbox 712 2191 811 2276; x_wconf 70' lang='grc' dir='ltr'><strong><em>φόβον</em></strong></span> <span class='ocrx_word' id='word_1_114' title='bbox 842 2186 885 2277; x_wconf 83' lang='grc' dir='ltr'><strong>(Α</strong></span> <span class='ocrx_word' id='word_1_115' title='bbox 910 2188 950 2250; x_wconf 87' lang='lat' dir='ltr'><strong>ed</strong></span> <span class='ocrx_word' id='word_1_116' title='bbox 977 2185 1072 2250; x_wconf 86' lang='grc'><strong>1080.</strong></span> <span class='ocrx_word' id='word_1_117' title='bbox 1097 2207 1123 2249; x_wconf 89' lang='lat' dir='ltr'><strong>s.</strong></span> <span class='ocrx_word' id='word_1_118' title='bbox 1146 2183 1202 2270; x_wconf 81' lang='grc'><strong>1.),</strong></span> <span class='ocrx_word' id='word_1_119' title='bbox 1239 2198 1271 2250; x_wconf 81' lang='lat' dir='ltr'><strong>et</strong></span> <span class='ocrx_word' id='word_1_120' title='bbox 1292 2186 1338 2250; x_wconf 83' lang='lat' dir='ltr'><strong>sic</strong></span> 
     </span>
    </p>
   </div>
   <div class='ocr_carea' id='block_1_5' title="bbox 224 2301 1339 2393">
    <p class='ocr_par' dir='ltr' id='par_1_7' title="bbox 224 2301 1339 2393">
     <span class='ocr_line' id='line_1_16' title="bbox 224 2301 1339 2393; baseline -0.042 7"><span class='ocrx_word' id='word_1_121' title='bbox 224 2309 226 2312; x_wconf 21' lang='lat'>⁵</span> <span class='ocrx_word' id='word_1_122' title='bbox 328 2329 460 2393; x_wconf 65' lang='lat' dir='ltr'><strong>quoque</strong></span> <span class='ocrx_word' id='word_1_123' title='bbox 491 2307 582 2374; x_wconf 87' lang='lat' dir='ltr'><strong>Voss.</strong></span> <span class='ocrx_word' id='word_1_124' title='bbox 609 2309 639 2371; x_wconf 80' lang='lat'><strong>1.</strong></span> <span class='ocrx_word' id='word_1_125' title='bbox 687 2305 789 2372; x_wconf 86' lang='lat' dir='ltr'><strong>Recte</strong></span> <span class='ocrx_word' id='word_1_126' title='bbox 822 2305 936 2391; x_wconf 84' lang='lat' dir='ltr'><strong>utique</strong></span> <span class='ocrx_word' id='word_1_127' title='bbox 967 2317 1080 2368; x_wconf 88' lang='lat' dir='ltr'><strong>monet</strong></span> <span class='ocrx_word' id='word_1_128' title='bbox 1107 2301 1212 2372; x_wconf 81' lang='lat' dir='ltr'><strong>Well,</strong></span> <span class='ocrx_word' id='word_1_129' title='bbox 1241 2311 1339 2386; x_wconf 35' lang='grc' dir='ltr'><strong><em>φόνων</em></strong></span> 
     </span>
    </p>
   </div>
   <div class='ocr_carea' id='block_1_6' title="bbox 328 2421 1339 3341">
    <p class='ocr_par' dir='ltr' id='par_1_8' title="bbox 328 2421 1339 3341">
     <span class='ocr_line' id='line_1_17' title="bbox 328 2421 1339 2508; baseline -0.003 -18"><span class='ocrx_word' id='word_1_130' title='bbox 328 2439 444 2490; x_wconf 82' lang='lat' dir='ltr'><strong>contre</strong></span> <span class='ocrx_word' id='word_1_131' title='bbox 466 2425 696 2504; x_wconf 79' lang='lat' dir='ltr'><strong>sensumesse;</strong></span> <span class='ocrx_word' id='word_1_132' title='bbox 719 2427 774 2488; x_wconf 86' lang='lat' dir='ltr'><strong>sed</strong></span> <span class='ocrx_word' id='word_1_133' title='bbox 796 2443 895 2508; x_wconf 84' lang='lat' dir='ltr'><strong>supra</strong></span> <span class='ocrx_word' id='word_1_134' title='bbox 921 2445 952 2488; x_wconf 85' lang='lat' dir='ltr'><strong>v.</strong></span> <span class='ocrx_word' id='word_1_135' title='bbox 973 2425 1059 2500; x_wconf 80' lang='lat'>355,</span> <span class='ocrx_word' id='word_1_136' title='bbox 1082 2421 1140 2486; x_wconf 90' lang='lat' dir='ltr'><strong>ubi</strong></span> <span class='ocrx_word' id='word_1_137' title='bbox 1165 2423 1339 2508; x_wconf 73' lang='lat' dir='ltr'><strong>Typhoeus</strong></span> 
     </span>
     <span class='ocr_line' id='line_1_18' title="bbox 329 2539 1338 2627; baseline -0.004 -19"><span class='ocrx_word' id='word_1_138' title='bbox 329 2542 448 2608; x_wconf 79' lang='lat' dir='ltr'><strong>dicitur</strong></span> <span class='ocrx_word' id='word_1_139' title='bbox 465 2539 643 2627; x_wconf 69' lang='grc' dir='ltr'><strong><em>σμερδναῖσι</em></strong></span> <span class='ocrx_word' id='word_1_140' title='bbox 662 2539 840 2626; x_wconf 76' lang='grc' dir='ltr'><strong><em>ναμφυλῇσι</em></strong></span> <span class='ocrx_word' id='word_1_141' title='bbox 860 2541 995 2627; x_wconf 72' lang='grc' dir='ltr'><strong><em>συρίζειν</em></strong></span> <span class='ocrx_word' id='word_1_142' title='bbox 1017 2545 1133 2622; x_wconf 84' lang='grc' dir='ltr'><strong><em>φόνον,</em></strong></span> <span class='ocrx_word' id='word_1_143' title='bbox 1166 2545 1263 2623; x_wconf 72' lang='lat' dir='ltr'><strong>uiros</strong></span> <span class='ocrx_word' id='word_1_144' title='bbox 1287 2563 1338 2605; x_wconf 69' lang='lat' dir='ltr'><strong>re</strong></span> 
     </span>
     <span class='ocr_line' id='line_1_19' title="bbox 328 2657 1338 2746; baseline -0.003 -19"><span class='ocrx_word' id='word_1_145' title='bbox 328 2662 501 2727; x_wconf 84' lang='lat' dir='ltr'><strong>tinendum</strong></span> <span class='ocrx_word' id='word_1_146' title='bbox 517 2673 615 2744; x_wconf 86' lang='lat' dir='ltr'><strong>puto,</strong></span> <span class='ocrx_word' id='word_1_147' title='bbox 637 2679 744 2746; x_wconf 83' lang='lat' dir='ltr'><strong>neque</strong></span> <span class='ocrx_word' id='word_1_148' title='bbox 768 2658 1005 2725; x_wconf 79' lang='lat' dir='ltr'><strong>admittendam</strong></span> <span class='ocrx_word' id='word_1_149' title='bbox 1025 2657 1213 2724; x_wconf 81' lang='lat' dir='ltr'><strong>scholiastae</strong></span> <span class='ocrx_word' id='word_1_150' title='bbox 1228 2661 1338 2724; x_wconf 81' lang='lat' dir='ltr'><strong>lectio-</strong></span> 
     </span>
     <span class='ocr_line' id='line_1_20' title="bbox 329 2776 1338 2868; baseline -0.001 -22"><span class='ocrx_word' id='word_1_151' title='bbox 329 2803 410 2846; x_wconf 87' lang='lat' dir='ltr'><strong>nem</strong></span> <span class='ocrx_word' id='word_1_152' title='bbox 436 2784 546 2868; x_wconf 75' lang='grc' dir='ltr'><strong><em>φόβον.</em></strong></span> <span class='ocrx_word' id='word_1_153' title='bbox 591 2779 679 2845; x_wconf 87' lang='lat' dir='ltr'><strong>Illud</strong></span> <span class='ocrx_word' id='word_1_154' title='bbox 704 2792 791 2846; x_wconf 87' lang='lat' dir='ltr'><strong>certe</strong></span> <span class='ocrx_word' id='word_1_155' title='bbox 817 2779 960 2866; x_wconf 77' lang='lat' dir='ltr'><strong>gravius.</strong></span> <span class='ocrx_word' id='word_1_156' title='bbox 1006 2776 1129 2844; x_wconf 78' lang='lat' dir='ltr'><strong>Contra</strong></span> <span class='ocrx_word' id='word_1_157' title='bbox 1151 2778 1243 2865; x_wconf 82' lang='lat' dir='ltr'><strong>Sept.</strong></span> <span class='ocrx_word' id='word_1_158' title='bbox 1263 2783 1338 2846; x_wconf 75' lang='lat'><strong>116.</strong></span> 
     </span>
     <span class='ocr_line' id='line_1_21' title="bbox 330 2896 1338 2986; baseline -0.002 -22"><span class='ocrx_word' id='word_1_159' title='bbox 330 2901 513 2984; x_wconf 65' lang='grc' dir='ltr'><strong><em>κινύρονται</em></strong></span> <span class='ocrx_word' id='word_1_160' title='bbox 529 2901 628 2980; x_wconf 82' lang='grc' dir='ltr'><strong><em>φόνον</em></strong></span> <span class='ocrx_word' id='word_1_161' title='bbox 647 2896 790 2986; x_wconf 78' lang='grc' dir='ltr'><strong><em>χαλινοὶ,</em></strong></span> <span class='ocrx_word' id='word_1_162' title='bbox 813 2901 910 2981; x_wconf 79' lang='grc' dir='ltr'><strong><em>φόνον</em></strong></span> <span class='ocrx_word' id='word_1_163' title='bbox 932 2896 1031 2962; x_wconf 82' lang='lat' dir='ltr'><strong>nimis</strong></span> <span class='ocrx_word' id='word_1_164' title='bbox 1055 2909 1183 2984; x_wconf 56' lang='lat' dir='ltr'><strong>turgeu</strong></span> <span class='ocrx_word' id='word_1_165' title='bbox 1213 2910 1246 2962; x_wconf 86' lang='lat' dir='ltr'><strong>et</strong></span> <span class='ocrx_word' id='word_1_166' title='bbox 1262 2899 1338 2972; x_wconf 81' lang='lat' dir='ltr'><strong>cbo-¹</strong></span> 
     </span>
     <span class='ocr_line' id='line_1_22' title="bbox 329 3013 1338 3101; baseline -0.003 -18"><span class='ocrx_word' id='word_1_167' title='bbox 329 3038 385 3083; x_wconf 83' lang='lat' dir='ltr'><strong>rus</strong></span> <span class='ocrx_word' id='word_1_168' title='bbox 404 3036 472 3081; x_wconf 89' lang='lat' dir='ltr'><strong>non</strong></span> <span class='ocrx_word' id='word_1_169' title='bbox 493 3027 563 3080; x_wconf 83' lang='lat' dir='ltr'><strong>tem</strong></span> <span class='ocrx_word' id='word_1_170' title='bbox 582 3027 711 3081; x_wconf 88' lang='lat' dir='ltr'><strong>metum</strong></span> <span class='ocrx_word' id='word_1_171' title='bbox 731 3016 877 3081; x_wconf 77' lang='lat' dir='ltr'><strong>instantis</strong></span> <span class='ocrx_word' id='word_1_172' title='bbox 892 3013 1022 3092; x_wconf 83' lang='lat' dir='ltr'><strong>mortis,</strong></span> <span class='ocrx_word' id='word_1_173' title='bbox 1045 3037 1148 3101; x_wconf 82' lang='lat' dir='ltr'><strong>quam</strong></span> <span class='ocrx_word' id='word_1_174' title='bbox 1167 3017 1338 3081; x_wconf 86' lang='lat' dir='ltr'><strong>horrorem</strong></span> 
     </span>
     <span class='ocr_line' id='line_1_23' title="bbox 329 3132 1338 3220; baseline -0.001 -20"><span class='ocrx_word' id='word_1_175' title='bbox 329 3153 348 3204; x_wconf 82' lang='lat' dir='ltr'><strong>e</strong></span> <span class='ocrx_word' id='word_1_176' title='bbox 390 3135 467 3200; x_wconf 78' lang='lat' dir='ltr'><strong>belli</strong></span> <span class='ocrx_word' id='word_1_177' title='bbox 502 3135 651 3199; x_wconf 85' lang='lat' dir='ltr'><strong>tumultu</strong></span> <span class='ocrx_word' id='word_1_178' title='bbox 683 3140 796 3199; x_wconf 81' lang='lat' dir='ltr'><strong>ortum</strong></span> <span class='ocrx_word' id='word_1_179' title='bbox 827 3132 1010 3220; x_wconf 66' lang='lat' dir='ltr'><strong>significet,⁴</strong></span> <span class='ocrx_word' id='word_1_180' title='bbox 1051 3155 1152 3219; x_wconf 81' lang='lat' dir='ltr'><strong>quere</strong></span> <span class='ocrx_word' id='word_1_181' title='bbox 1188 3134 1338 3202; x_wconf 82' lang='lat' dir='ltr'><strong>lubenter</strong></span> 
     </span>
     <span class='ocr_line' id='line_1_24' title="bbox 330 3251 1023 3341; baseline -0.007 -18"><span class='ocrx_word' id='word_1_182' title='bbox 330 3251 543 3323; x_wconf 83' lang='lat' dir='ltr'><strong>Schwenckio</strong></span> <span class='ocrx_word' id='word_1_183' title='bbox 564 3253 716 3322; x_wconf 80' lang='lat' dir='ltr'><strong>assentior</strong></span> <span class='ocrx_word' id='word_1_184' title='bbox 738 3251 890 3320; x_wconf 83' lang='lat' dir='ltr'><strong>scribenti</strong></span> <span class='ocrx_word' id='word_1_185' title='bbox 914 3255 1023 3341; x_wconf 78' lang='grc' dir='ltr'><strong><em>φόβον.</em></strong></span> 
     </span>
    </p>
   </div>
   <div class='ocr_carea' id='block_1_7' title="bbox 0 0 1532 5034">
    <p class='ocr_par' dir='ltr' id='par_1_9' title="bbox 0 0 1532 5034">
     <span class='ocr_line' id='line_1_25' title="bbox 0 0 1532 5034; baseline 0 0"><span class='ocrx_word' id='word_1_186' title='bbox 0 0 1532 5034; x_wconf 95' lang='lat' dir='ltr'><strong> </strong></span> 
     </span>
    </p>
   </div>
  </div>
 </body>
</html>
