3050 5034
786 429 821 473 Vl

299 615 471 691 omiserat3
512 634 589 679 nam
621 615 655 677 in
687 612 829 680 Parisino
853 613 889 681 B.
911 627 943 680 et
959 615 1050 682 Voss.
1078 619 1106 680 t.
1129 620 1314 702 promiscue

299 745 438 818 utraque
459 735 625 820 leguntur.
1195 814 1198 822 1

343 849 467 915 Omnes
497 852 554 915 has
574 849 855 934 interpretationes
879 851 1009 937 collegit
1029 850 1201 930 hutlerus,
1225 857 1314 920 unde

299 968 472 1034 Sohutzius
497 989 548 1032 ess
577 968 610 1030 in
640 987 734 1032 suam
768 968 932 1033 transtulit
954 969 1130 1034 editionem
1147 969 1227 1058 (rol.
1249 972 1308 1048 tv,

300 1085 373 1154 Hal.
409 1087 528 1169 1821),
561 1106 628 1169 qua
658 1085 763 1161 mihi,
781 1085 1059 1150 Butlerieditione
1079 1087 1254 1166 destituto,
1277 1087 1314 1152 in
1435 1143 1437 1152 .

299 1203 425 1270 scholiis
446 1204 614 1270 laudandis
631 1205 791 1268 utendum
818 1202 882 1267 fuit
895 1199 937 1286 ¹).
982 1202 1110 1269 Verum
1133 1207 1312 1270 dolendum

298 1334 365 1397 est,
387 1334 545 1385 neutrum
567 1322 608 1386 ad
628 1320 890 1386 emendationem
913 1317 1114 1386 scholiorum
1128 1319 1313 1408 quidquam

298 1441 477 1504 contulisse.
525 1436 637 1503 Multis
659 1439 748 1504 enirn
771 1439 849 1502 locis
871 1438 1088 1522 interpretum
1112 1439 1211 1504 rerba
1232 1443 1313 1506 adeo

299 1539 454 1639 corrupta
470 1569 547 1620 sunt
563 1569 596 1621 et
616 1556 820 1639 perturbata,
841 1567 880 1619 ut
899 1576 966 1620 non
985 1558 1085 1620 modo
1102 1559 1142 1621 de
1162 1559 1310 1632 lectione,

298 1695 400 1759 quam
428 1674 531 1738 secuti
555 1673 639 1750 sint,
671 1674 728 1740 sed
753 1694 796 1737 ne
827 1675 868 1738 de
887 1672 1155 1756 interpretatione
1177 1676 1312 1759 quidem

298 1803 431 1857 constet.
477 1791 593 1876 Itaque
629 1789 869 1874 circumspexi,
900 1811 943 1855 an
975 1793 1061 1856 torte
1083 1791 1193 1857 liceret
1215 1791 1311 1861 MSS.

297 1909 370 1984 uti,
403 1928 547 1993 quorum
577 1928 638 1990 ope
662 1906 793 1973 certiori
828 1889 885 1973 ria
901 1907 1112 1991 antiquarum
1129 1910 1311 1976 lectionum

297 2027 430 2113 uestigia
464 2026 534 2091 erui
566 2037 706 2110 possent.
761 2023 829 2090 Neo
864 2026 988 2090 frustra
1021 2024 1177 2109 quaesivi.
1221 2025 1308 2092 Nam

298 2167 337 2210 ex
374 2143 491 2210 Cobeti
529 2145 615 2211 lihro
656 2146 697 2210 in
730 2143 899 2210 Platonis
937 2142 1069 2208 Comici
1113 2144 1309 2231 reliquias,

296 2286 331 2349 p.
359 2266 433 2332 190.
468 2285 574 2350 quum
601 2264 720 2329 scholia
748 2263 870 2327 inedita
893 2261 928 2324 in
959 2261 1110 2347 Aeschyli
1132 2265 1311 2350 tragoedias

297 2381 415 2446 Leidae
437 2381 588 2446 asservari
605 2380 842 2467 cognovissem,
865 2377 1083 2443 Bibliothecae
1106 2378 1311 2446 Praefectum

297 2498 448 2564 Geelium
465 2498 585 2564 Virum
609 2496 696 2566 Clar.
720 2498 803 2575 adii,
829 2509 867 2562 ut
885 2517 922 2562 ea
942 2496 1131 2580 inspiciendi
1153 2499 1236 2563 mihi
1256 2517 1309 2564 co-

296 2619 387 2702 piam
409 2618 512 2681 daret.
536 2615 639 2681 Huius
659 2615 760 2702 igitur
782 2615 987 2679 humanitate
1011 2616 1148 2692 factum,
1170 2627 1208 2682 ut
1230 2619 1312 2682 duos

295 2737 395 2802 libros
420 2733 512 2800 MSS.
536 2755 713 2819 usurpare,
734 2734 857 2800 inedita
874 2731 997 2799 scholia
1012 2733 1214 2809 describere,
1236 2735 1309 2800 reli·

175 2925 181 2931 ,
297 2875 443 2939 qnorum
463 2873 525 2937 ope
546 2853 631 2917 edita
654 2852 816 2938 corrigere
836 2870 975 2935 possem.

341 2971 490 3056 Uterque
522 2970 607 3034 liber
640 2969 721 3034 olim
756 2970 821 3034 fuit
854 2969 894 3033 ls.
914 2968 1028 3034 Vossii.
1074 2968 1188 3034 Prior
1207 2989 1308 3055 quem

295 3089 365 3157 dixi
386 3088 479 3157 Voss.
502 3091 531 3154 1.
557 3086 800 3177 (Vossianorum
820 3087 855 3151 in
868 3084 971 3180 4·.N⁰·
985 3085 1022 3173 6)
1046 3087 1080 3150 in
1092 3089 1203 3152 charta
1212 3088 1308 3152 bom·

296 3209 415 3295 byoina
431 3207 568 3290 scriptas
586 3205 732 3270 continet
747 3204 897 3291 Aeschyli
912 3201 1159 3278 Prometheum,
1172 3201 1307 3286 Septem

296 3339 410 3392 contra
429 3325 580 3404 Thebas,
601 3320 734 3400 Persas,
759 3322 924 3406 Sophoclis
949 3321 1103 3397 Aiacem,
1128 3319 1306 3398 Electram,

296 3443 463 3530 Oedipum
492 3443 531 3510 T.
566 3465 643 3508 cum
671 3443 797 3525 scholiis
830 3456 863 3508 et
894 3441 1012 3529 glossis.
1059 3439 1156 3504 Initio
1190 3441 1307 3506 desunt

295 3568 379 3630 duae
399 3564 552 3650 paginae,
578 3583 662 3645 quae
681 3572 810 3644 praeter
838 3562 879 3623 49
902 3557 1026 3642 primos
1036 3557 1223 3622 Promethei
1235 3577 1306 3622 ver-

294 3704 347 3747 sus
378 3682 479 3746 vitam
510 3675 662 3764 Aeschyli
685 3688 717 3741 et
738 3676 921 3741 Promethei
943 3687 1180 3761 argumentum
1204 3673 1307 3739 conti·

294 3797 439 3864 nuerint.
489 3795 528 3859 In
557 3796 623 3858 fine
657 3793 829 3858 Persarum
855 3791 1009 3858 scribitur
1039 3777 1101 3858 dte
1127 3789 1210 3880 (MS.
1229 3787 1304 3872 att)

296 4047 299 4052 Ι
327 4078 351 4144 1)
369 4079 397 4129 ln
415 4081 503 4145 poitae
520 4077 602 4130 verbis
618 4075 725 4127 citandis
741 4075 879 4128 Wellaueri
897 4088 1013 4126 numeros
1030 4087 1129 4139 sequor.
