3050 5034
769 549 810 614 46

284 757 344 824 ubi
366 756 536 822 manifesta
567 767 614 821 est
644 755 706 820 loei
728 756 830 820 nostri
857 756 1002 840 parodia.
1049 755 1195 822 Fortasse
1219 777 1301 823 non·

284 878 366 942 nulli
391 876 577 962 cogitarunt
600 875 639 938 de
662 871 805 959 Scythia.

332 996 409 1058 805.
434 991 472 1056 ln
494 991 618 1056 scholio
640 991 680 1056 A.
704 991 745 1054 ad
767 1011 799 1057 ν.
826 990 891 1056 793
916 991 963 1078 (p.
991 991 1064 1056 102.
1088 993 1110 1056 l.
1128 989 1196 1078 14.)
1210 995 1300 1076 apud

285 1228 398 1315 Etym.
420 1227 467 1295 M.
489 1249 521 1310 p.
544 1228 597 1292 52.
619 1227 792 1310 οἰκραγγὲς,
827 1226 979 1302 deesse,
1004 1225 1160 1312 χαλεπόν,
1186 1227 1301 1315 δυσχε-

285 1351 356 1432 ρὲς,
381 1345 533 1430 σκληρὸν,
558 1345 712 1427 αὐστηρὸν
733 1346 787 1407 καὶ
811 1345 846 1407 τὸ
872 1344 921 1407 ἀεὶ
948 1342 1058 1409 κλαῖον
1083 1344 1236 1426 παιδίον,
1260 1352 1300 1410 τά

283 1491 317 1530 τε
346 1467 487 1549 οέκραγγῆ
518 1461 665 1547 ὀξύχολοι.
719 1459 843 1524 Similia
877 1473 954 1524 tunt
987 1461 1022 1524 in
1046 1458 1147 1527 Bekk.
1174 1463 1298 1530 Anecd.

283 1603 317 1666 p.
339 1583 416 1646 369.
438 1581 497 1655 17,
520 1591 553 1643 et
570 1577 750 1662 Hesychio,
774 1575 833 1640 ubi
856 1591 967 1642 tamen
992 1576 1060 1642 MS.
1086 1581 1221 1664 οἰκραγὲς
1240 1583 1297 1644 ha·

282 1697 349 1762 bet.
396 1697 516 1770 Recte,
541 1716 618 1759 nam
642 1717 661 1758 a
685 1695 786 1778 κράζω
809 1695 968 1759 voeabula
992 1702 1123 1782 κραγγὴ,
1148 1697 1297 1782 κραγγαί-

285 1840 331 1881 νω
353 1813 489 1879 formari
506 1827 693 1898 nequeunt,
725 1813 803 1895 quia
820 1813 923 1896 κράζω
939 1813 1063 1897 ubique
1083 1815 1219 1898 simplex
1240 1819 1297 1880 ha-

282 1931 340 1996 het
365 1959 402 2012 γ,
428 1944 465 1995 ιιι
489 1931 641 2016 ἕκραγον,
666 1929 820 2013 stupam
845 1950 946 2014 quare
968 1953 1036 1995 non
1059 1933 1211 1996 assentiar
1234 1934 1297 1998 Lo-

283 2049 422 2126 beckio‚
446 2051 487 2114 ed
511 2049 633 2135 Phryn.
656 2069 691 2131 p.
710 2049 787 2114 337.
810 2048 844 2110 in
868 2045 1024 2113 Herodot.
1048 2047 1074 2113 I.
1098 2051 1173 2115 111.
1203 2077 1297 2136 κραγ-

284 2173 468 2251 γαινὸμενος
501 2164 705 2250 restituenti3
738 2187 845 2249 neque
874 2178 949 2248 apte
983 2167 1166 2248 comparari
1191 2182 1297 2250 potest

270 2269 404 2362 ἀλάζω
437 2286 527 2348 cuius
552 2286 728 2369 χαρακτὴρ,
751 2304 852 2366 quem
878 2284 1011 2359 dicunt,
1044 2293 1093 2348 est
1122 2287 1243 2367 duplex
1266 2312 1297 2365 y.

282 2399 504 2487 Etymologiei
523 2403 634 2465 locum
655 2413 791 2483 apparet
811 2422 850 2463 ex
873 2400 968 2464 variis
991 2403 1100 2487 glossis
1123 2423 1187 2466 esse
1207 2374 1298 2468 com-

281 2519 443 2603 positum3
481 2540 559 2582 nam
584 2519 672 2601 quod
696 2517 805 2600 primo
831 2519 903 2582 loco
925 2519 1046 2604 legitur
1068 2521 1201 2594 ἀσθενὲς
1224 2542 1299 2584 ma-

281 2637 398 2701 nifesto
430 2638 472 2699 ad
507 2637 640 2721 ἀκρατὲς
674 2637 884 2699 referendum
919 2647 976 2700 est.
1022 2634 1155 2719 Quare,
1190 2661 1294 2724 quum

282 2758 440 2839 ἀκραγγὴς
458 2768 491 2818 et
510 2757 648 2838 α’κραγὴς
674 2766 860 2836 permutata
883 2775 946 2816 esse
968 2775 986 2817 a
1008 2753 1146 2820 librariis
1164 2735 1209 2820 ¹eu
1236 2777 1296 2820 no·

281 2885 350 2937 etro
372 2871 492 2935 scholio
515 2884 691 2953 appareat,
717 2873 852 2956 οἷκραγὲς
877 2884 988 2936 autem
1013 2883 1046 2935 et
1068 2874 1201 2957 ἀκρατὲς
1225 2875 1296 2938 tite-

281 2995 397 3056 rarum
421 2990 523 3052 ductu
548 2989 602 3051 vix
628 2988 755 3052 diversa
777 2989 863 3062 sint,
888 3010 1072 3074 numquam
1097 2993 1295 3056 vocabulum

282 3109 442 3194 α’κραῃὴς
466 3103 618 3169 exstitisse
651 3117 742 3188 puto.
798 3104 1006 3172 Hermannus
1036 3109 1127 3198 (teste
1158 3109 1230 3173 Fix.
1261 3110 1296 3173 in

281 3249 366 3291 nova
387 3223 485 3288 Thes.
509 3223 622 3306 Steph.
646 3221 740 3312 edit.)
764 3223 901 3308 ἀκραγὴς
925 3226 1100 3291 (1οοὶιοίπὸ
1125 3230 1179 3290 τοῦ
1198 3231 1295 3307 ἄκρος

282 3346 337 3410 καὶ
357 3347 410 3407 τοῦ
427 3347 549 3423 ἄγαμαι
584 3361 602 3404 ν)
617 3353 654 3405 ut
679 3342 817 3425 (ἕκρανὴς
849 3342 890 3406 sit
920 3343 961 3419 is,
992 3345 1049 3428 qui
1073 3343 1191 3409 habeat
1213 3345 1296 3409 indi-

281 3462 469 3551 gnationem
493 3460 829 3537 vehementissimam,
853 3461 912 3545 qui
933 3461 975 3524 sit
994 3459 1222 3528 ἱνοοοαάοο.”
1246 3464 1294 3528 De

280 3602 349 3664 quo
381 3578 497 3642 dubito
524 3589 659 3659 propter
681 3598 778 3641 usum
803 3599 835 3642 v.
862 3583 995 3659 ἄγαμαι.
1042 3579 1188 3645 Fortasse
1214 3604 1236 3643 α
1261 3581 1295 3645 in

280 3699 344 3760 hoe
368 3693 540 3769 vocabulo,
564 3692 648 3754 utin
671 3695 827 3779 ἄβρομος,
852 3696 1035 3762 teatensis
1059 3710 1123 3771 est,
1148 3711 1181 3761 et
1196 3699 1294 3784 signi-

279 3814 357 3878 fieat
382 3808 589 3874 vehementer
612 3807 771 3873 clamans
796 3809 921 3900 (Etym.
946 3816 981 3876 τὸ
1004 3815 1053 3878 niel
1076 3814 1215 3900 κλαῖον).
1276 3853 1283 3862 -

325 3927 434 3994 Schol.
467 3925 504 3991 B.
543 3926 597 4014 (ad
626 3926 711 4010 801)
748 3949 841 3992 versu
868 3931 947 3997 803.
980 3936 1100 3996 τοιοῦτο
1129 3935 1198 4014 μὲν,
1223 3935 1293 3997 rell.

281 4047 434 4134 apoduein
462 4045 605 4130 insipere
628 4041 707 4110 dicit
728 4066 836 4111 versus
858 4046 941 4124 792,
974 4048 1053 4114 ὅταν
1078 4056 1212 4138 περάσῃς
1236 4056 1295 4135 ῥεῖ-

282 4177 382 4254 θρον,
419 4165 537 4228 addens
567 4163 645 4229 alios
673 4165 752 4228 haee
782 4165 1049 4247 praecedentibus
1077 4168 1211 4254 iungere
1243 4168 1296 4254 (ἣν
