3050 5034
728 459 765 520 ll

235 660 322 728 ἀ’ντὶ
345 663 399 726 τοῦ
421 664 491 747 γὰρ,
515 663 558 727 ‘lo’
580 659 600 748 ᾖ
619 665 654 726 τὸ
679 663 876 743 &depositor
894 661 1016 745 sinnida
1029 666 1088 749 pop
1101 671 1166 737 τοῖς
1178 667 1261 747 ἐμοῖς

248 777 430 862 ὀφθαλμοῖρ
449 777 562 864 νεφέλη
584 778 704 866 πλήρης
729 779 882 864 δακρύων.
929 781 976 845 Ea
996 780 1092 847 lectio
1112 782 1260 866 requirit,

245 907 287 958 ut
307 907 415 960 versus
439 917 515 960 curn
539 895 659 961 Blomf.
678 896 726 960 sic
746 897 998 962 distribuantur:

474 1011 605 1088 λεύσσω,
629 1019 819 1096 Προμηθεῦ,
844 1017 976 1102 φοβερὰ,
1089 1088 1092 1094 ¹

475 1133 571 1212 ἐμοῖσι
598 1130 729 1204 δ’ὅσαοις
752 1130 866 1216 ὀμίχλα
887 1167 933 1180 -

247 1245 311 1311 Pro
327 1249 429 1312 altera
446 1248 585 1312 lectione
608 1248 702 1324 facit,
735 1250 828 1332 quod
848 1251 912 1312 hac
931 1246 1158 1314 distributione
1181 1270 1262 1314 non·

248 1360 331 1428 nihil
354 1365 394 1428 de
416 1364 572 1429 suavitate
591 1385 808 1430 numerorum
831 1363 1033 1444 detrahitur,
1059 1379 1091 1430 et
1104 1380 1262 1443 metrum,

248 1481 439 1564 praesertim
459 1482 494 1546 in
512 1485 661 1565 stropha,
683 1481 955 1564 concitatiusesu
969 1505 1076 1569 quam
1096 1487 1262 1549 consolan-

247 1598 288 1662 tis
311 1599 494 1664 orationem
516 1601 620 1664 decet.
667 1598 719 1665 Cf.
747 1596 899 1665 Schoem.
921 1603 962 1664 ad
987 1623 1032 1667 vs.
1057 1603 1132 1666 128.
1179 1599 1263 1665 Sunt

248 1716 328 1780 haec
351 1715 484 1799 quidem
504 1717 599 1791 talia,
633 1737 717 1800 quae
737 1736 803 1780 non
826 1719 867 1780 ad
891 1737 1053 1781 assensum
1075 1726 1216 1804 cogant3
1237 1719 1263 1782 si

249 1825 568 1920 tamen'eligendum
590 1847 655 1910 est,
679 1836 847 1919 vulgatam
866 1836 1025 1917 praeiere.
1072 1836 1264 1918 interpretis

249 1951 346 2015 lectio
375 1972 393 2014 e
427 1952 626 2016 correctione
657 1964 734 2015 nata
765 1973 829 2016 esse
856 1965 975 2034 potest.
1016 1951 1101 2016 Nam
1121 1954 1146 2016 si
1171 1954 1261 2037 quis,

248 2070 334 2152 quod
354 2088 465 2150 perse
488 2089 554 2132 non
578 2068 738 2132 absonum
758 2081 822 2146 est,
845 2067 958 2154 ὁμίχλη
981 2069 1098 2154 πλήρης
1120 2069 1261 2153 δακρύων

248 2205 309 2267 pro
342 2184 481 2267 simplici
515 2184 627 2272 ὁμίχλη
666 2184 809 2269 δακρύων
835 2187 1004 2268 accepisset
1034 2189 1090 2273 (cf.
1112 2212 1264 2266 yonntno·

248 2301 374 2386 πληθὴς
402 2300 525 2385 ὅμιλος,
561 2302 648 2366 Pers.
683 2303 767 2379 121,
798 2299 944 2383 ξύλλογοι
967 2301 1259 2387 γμναικοπληύεῒς,

249 2419 320 2484 Alc.
341 2422 441 2504 951),
465 2420 536 2484 fieri
562 2426 631 2483 non'
649 2431 794 2502 poterat,
819 2420 954 2504 quinia
976 2420 1264 2508 vocabuloposlspol

248 2537 436 2603 oli‘cnderet.
481 2537 685 2604 Vertendurn
712 2537 800 2601 enim
820 2559 884 2602 esse
904 2561 943 2601 eo
964 2538 1111 2602 horrore
1124 2543 1260 2614 coorto,

246 2675 362 2732 neme,
386 2655 521 2738 opinor,
543 2654 736 2724 Wellauero
758 2655 957 2720 assentietur.
981 2653 1119 2720 Nebula
1139 2657 1262 2742 signifi·

246 2784 299 2837 cat
318 2773 466 2836 dolorem
491 2793 530 2836 ex
550 2772 703 2854 adspectu
724 2770 908 2835 Promethei
931 2786 1139 2856 susceptum,
1170 2773 1261 2858 isque

247 2911 324 2953 cnm
359 2890 501 2952 horrore
532 2891 735 2952 coniunctus
768 2901 833 2964 est,
864 2902 897 2953 et
926 2888 1049 2955 dertona
1074 2891 1257 2980 lacrimis,
1329 2941 1333 2946 .

248 3006 313 3070 sive
347 3006 495 3070 lacrimas
525 3005 621 3071 ciens.
668 3007 720 3070 nd
751 3007 949 3096 imaginem,
979 3029 1081 3091 quarn
1105 3011 1260 3072 hocloco
1291 3013 1294 3018 '

247 3122 417 3207 usurpavit
448 3134 577 3204 poeta,
617 3121 841 3186 illustrandam
882 3124 924 3187 of.
971 3123 1146 3206 praecipue
1183 3123 1261 3188 Ant.

239 3236 324 3306 ¹522.
369 3243 436 3304 Kal
455 3245 518 3323 μὴν
542 3242 602 3325 πρὸ
625 3238 737 3306 πωλῶν
760 3239 809 3321 ἧδ’
839 3243 987 3322 Ἰσμήνη,
1007 3275 1054 3286 -
1075 3239 1207 3323 Νεφέλη
1230 3241 1260 3304 δ’

245 3359 368 3443 ὀφρύων
388 3360 470 3442 ὕπερ
485 3359 633 3440 αἱματόεν
654 3357 771 3430 ‘Pto03
791 3359 950 3441 αἰσχύνει,
975 3355 1127 3437 Τέννουσ’
1152 3359 1259 3422 εὐῶπα

246 3483 392 3561 παρεῖαν.
413 3474 501 3539 Pers.
529 3475 605 3540 656.
629 3475 756 3553 Στυγία
778 3478 836 3558 γάρ
860 3498 908 3546 τις
927 3475 980 3538 «ἐπ’
1002 3473 1097 3567 cizide
1122 3479 1259 3540 πεπότα-

246 3621 311 3661 ται.
346 3594 445 3678 Hipp.
483 3596 558 3659 173.
601 3597 751 3674 Στύγνόν
776 3591 929 3677 δ’ὄφρύων
958 3593 1051 3674 νέφος
1077 3594 1258 3679 αὐξάνεται.

248 3712 337 3796 Sept.
360 3715 436 3778 209.
460 3713 624 3778 cf.'etiam
645 3712 758 3776 Horat.
781 3711 882 3794 Epist.
905 3712 931 3776 1.
955 3713 1016 3788 ts,
1041 3712 1151 3796 ibique
1167 3711 1260 3777 Orel-
1315 3717 1319 3726 “
1381 3811 1384 3816 .

247 3831 341 3895 lium.
375 3830 502 3916 Πλήρης
530 3832 679 3897 similiter
716 3831 837 3894 ut2hic
870 3843 1046 3913 usurpatur
1077 3828 1155 3897 Hoc.
1181 3831 1258 3896 227.

248 3949 437 4034 παρέστηχ’,
472 3953 514 4024 ὡς
538 3952 633 4026 ἔοικ’,
664 3951 752 4032 (ἐγὼν
775 3949 886 4031 μέγας,
912 3948 1037 4034 Πλήρης
1061 3953 1257 4033 στεναγμῶν,

249 4067 321 4134 οὐδὲ
351 4065 492 4152 ‹ineptior›
515 4074 613 4142 κενὸς.
