3050 5034
257 617 377 692 licebat,
409 627 443 680 ue
466 619 564 692 aium,
594 639 707 680 ucuzem
731 618 764 680 iu
788 639 901 680 anuum
919 637 1075 701 praaere,
1104 614 1270 700 iutelbipeu-

254 779 296 831 ees
319 769 492 851 eosdemque
515 787 630 831 severos
654 789 689 830 ac
714 766 865 830 benevolus
889 766 1001 829 iudices
1025 764 1191 830 habuerim.

232 929 233 932 ’
301 916 405 1002 Aeque
440 917 488 981 bie
523 918 651 980 utinam-
674 927 796 1001 patum
833 917 902 980 item
934 915 1071 978 animum
1101 914 1273 1000 sipaificare

255 1088 372 1152 possem
387 1066 573 1130 Duumciris
597 1067 751 1152 quondam
772 1064 956 1130 Academiae
976 1075 1096 1128 uestrae
1112 1019 1272 1128 muameu·

256 1219 294 1280 cis
318 1217 507 1281 Heusdio
535 1228 563 1281 ct
592 1215 830 1282 Sebrcedero.
877 1215 982 1280 Huius
1005 1215 1127 1300 quidem
1151 1236 1272 1278 cousue-

256 1367 359 1431 tudine
383 1378 411 1431 ee
432 1367 615 1431 imtieutioue
638 1377 702 1429 tam
718 1366 847 1452 publica
870 1386 963 1449 quam
980 1366 1110 1451 privata
1124 1364 1203 1428 mibi
1211 1385 1273 1447 per

254 1517 361 1600 plures
385 1538 479 1579 auras
502 1517 550 1578 uei
572 1516 673 1590 licuit;
709 1517 792 1580 illius
815 1536 885 1580 vero
910 1516 1079 1578 doctrinam
1103 1526 1130 1579 ee
1153 1515 1272 1600 deparc-

258 1669 333 1730 ticm
365 1668 419 1729 etsi
440 1665 590 1750 suspicere
613 1666 712 1750 mapis
736 1688 828 1750 quam
852 1667 1011 1730 aestimare
1029 1667 1135 1750 potui,
1175 1677 1274 1728 tamea

261 1817 412 1900 barcarum
433 1815 590 1880 literarum
615 1836 748 1879 ammam
772 1817 846 1880 adeo
870 1817 903 1878 ia
926 1837 973 1879 me
997 1816 1103 1889 auuit,·
1134 1826 1168 1878 ue
1190 1815 1274 1878 iilius

254 1965 449 2048 potissimum
488 1985 582 2049 opera
610 1965 733 2049 facium
756 1965 808 2041 sit,
849 1976 882 2028 ae
910 1975 1002 2028 totum
1025 1986 1073 2028 me
1096 1964 1143 2028 bis
1166 1965 1274 2027 studiis

175 2120 181 2134 ‘
260 2115 335 2178 dare
370 2116 580 2178 constituerim.
629 2113 734 2199 Neque
768 2137 885 2198 parum
916 2114 994 2176 mibi
1010 2083 1167 2200 prefuisse
1191 2135 1274 2199 epre-

260 2266 345 2350 piam
368 2266 401 2328 iu
428 2262 594 2351 Gpmumio
618 2263 925 2327 Rbmo-Traieceiuo
945 2263 1173 2338 iustitutionem,
1198 2283 1275 2346 quae
1375 2322 1378 2327 .
1410 2229 1419 2240 ¹

262 2437 329 2478 cum
353 2413 395 2477 H
396 2415 510 2477 eusdi
516 2415 530 2474 i
553 2415 669 2477 raeioue
694 2416 804 2499 optime
828 2413 1034 2497 caespirabae,
1071 2423 1177 2497 pratus
1195 2433 1275 2496 pro-

257 2564 352 2644 fiacr.

311 2710 380 2774 Tibi
413 2733 482 2774 uero
515 2712 668 2775 carissime
703 2710 813 2786 Pater,
852 2712 928 2794 quid
962 2711 1083 2774 debeam
1112 2711 1141 2771 si
1162 2710 1276 2794 referre

261 2859 384 2936 uelem,
421 2860 543 2923 dicendi
565 2860 697 2944 facilius
731 2860 852 2923 initiam
875 2838 967 2944 cuum
981 2862 1078 2947 finem
1102 2863 1275 2926 iaueuirem.

262 3006 294 3071 A
311 3020 337 3072 ee
352 3030 446 3093 quum
461 3009 599 3071 maaima
615 3030 650 3071 aa
659 3011 885 3094 propemodum
901 3009 1004 3073 amaia
1019 3012 1197 3094 acceperim,
1213 3022 1277 3073 eum

259 3169 366 3244 pratus
391 3179 517 3243 apuoscc
542 3169 568 3220 te
592 3159 779 3241 optimarum
802 3160 836 3222 iu
859 3182 905 3222 me
930 3160 1043 3222 areium
1066 3161 1167 3222 studia
1195 3161 1276 3222 euci-

262 3319 353 3384 easse,
384 3329 437 3372 uec
459 3307 518 3370 aee
541 3307 642 3370 labari
664 3319 717 3371 aut
740 3329 829 3370 curae
848 3309 1034 3390 pepercisse,
1067 3310 1174 3392 quibus
1198 3311 1277 3394 cpti-

261 3477 382 3520 morum
417 3457 633 3540 mapistrorum
666 3455 830 3539 disciplima
853 3467 887 3518 ue
910 3455 979 3518 berre
992 3457 1139 3540 fruerer,
1163 3459 1278 3544 efficere

257 3626 370 3688 posses.
410 3603 556 3688 Accipias
580 3605 634 3672 boc
658 3603 861 3690 qualecunque
885 3605 1089 3669 observantiae
1113 3618 1140 3670 ee
1163 3608 1279 3670 amoris

256 3755 387 3838 pipam,
431 3755 542 3838 tibique
582 3755 672 3818 celim
705 3757 907 3838 persuadeas,
948 3779 994 3820 me
1017 3777 1134 3838 semper
1158 3767 1279 3818 tuorum

264 3905 471 3990 beneficiorum
504 3906 682 3968 memoriam
704 3917 793 3989 prato
817 3913 882 3969 esse'
900 3906 1003 3968 auimo
1026 3916 1279 3969 conservaturum.

313 4049 396 4129 Quos
436 4052 469 4114 iu
508 4050 565 4114 bac
604 4050 773 4117 Academia
802 4053 888 4138 fidos
923 4054 1109 4136 sincerasque
1141 4064 1281 4135 rapertus
