3050 5034
732 470 754 516 1

246 653 381 738 vdisponis
408 651 554 732 theon,
585 656 739 740 Πίστιιρα
776 653 953 738 καλουμένη
989 655 1029 735 ἣν
1062 653 1268 738 ’συγκόψαςό

253 775 384 854 ποιητὴς
409 776 558 837 ,Πιστὰ
591 772 660 857 ἔφη.
707 771 815 838 Schol.
847 775 886 839 B.
919 772 950 836 oi
982 771 1018 836 δὲ
1054 771 1198 852 λέγοντες
1228 774 1265 836 τὸ

253 892 393 952 Πιστὰ
426 891 499 955 rival
520 893 673 974 Πίστειρα
700 894 782 956 κατὰ
813 894 993 972 asystata,
1028 893 1126 955 παντ1
1152 887 1267 971 δῆλον,

254 1009 296 1080 ὠς
320 1005 473 1091 ληροῦσιν.
520 1009 722 1094 Plerumque
745 1009 798 1074 hic
822 1009 981 1091 interpres
1012 1018 1182 1071 contentus
1206 1006 1269 1068 fuit

253 1127 430 1207 repetenda
442 1138 499 1190 aut
520 1127 747 1212 impugnanda
765 1127 897 1190 alterius
921 1123 1144 1207 explicatione.
1169 1121 1269 1189 Com-

256 1243 458 1307 mentarium
470 1264 503 1307 se
518 1244 676 1327 scripsisse
699 1253 836 1308 testatur
852 1243 887 1306 in
907 1242 1069 1325 Euripidis
1087 1241 1268 1316 Hecubam,

249 1361 299 1424 ad
324 1359 436 1427 Prom.
464 1364 543 1427 853.
578 1368 775 1448 γεγράφαμεν
810 1360 844 1425 da*
867 1366 925 1443 τὴν
951 1362 1089 1444 ἱστορίαν
1117 1363 1193 1449 (τῶν
1217 1365 1271 1425 τσῦ

260 1481 389 1543 Δαναοῦ
413 1475 611 1563 θυγατέρων)
634 1483 668 1544 ἐν
691 1487 731 1562 τῇ
750 1477 926 1563 Εὐριπίδου
951 1478 1083 1566 Ἑκάβῃ.
1129 1476 1274 1560 Respicit

254 1597 300 1659 ad
324 1594 401 1659 Heu.
425 1597 503 1661 894.
533 1597 569 1660 οὐ
596 1604 742 1690 γυναῖκες
768 1593 857 1662 ,εἶλον
879 1598 1050 1675 Ai'ytlrrtov
1074 1599 1190 1670 τέκνα,
1214 1591 1273 1657 ubi

258 1713 386 1795 prolixa
409 1713 610 1777 enarratione
635 1714 824 1778 Danaidum
846 1711 982 1779 historia
1007 1713 1041 1777 in
1064 1713 1189 1777 scholiis
1214 1734 1274 1776 ex-

263 1829 412 1912 ponitur.

304 1946 496 2012 Laudentur
525 1948 644 2014 scholia
673 1960 782 2014 nostra
810 1949 852 2013 ab
875 1960 1007 2014 auctore
1029 1948 1143 2035 Etym.
1166 1945 1212 2012 M.
1238 1969 1272 2031 p.

258 2065 336 2130 890.
352 2067 404 2128 11.
452 2063 506 2131 Gt.
532 2066 617 2130 iufra
640 2068 682 2131 ad
703 2066 814 2132 Prom.
840 2068 921 2143 435,
944 2088 979 2149 p.
1004 2068 1063 2143 30,
1087 2087 1135 2150 sq.
1163 2066 1273 2130 Eusta-

261 2182 372 2246 thium
398 2207 416 2249 ιι
429 2203 544 2248 eorum
567 2185 753 2250 testimonio
773 2205 867 2268 saepe
890 2183 970 2259 niti,
994 2195 1092 2266 atque
1115 2182 1183 2265 ipsa
1206 2182 1277 2245 dili-

259 2313 378 2386 genter
400 2300 500 2365 citare
514 2305 546 2377 ,”
571 2304 672 2366 refert
693 2300 858 2369 Victorius
881 2302 914 2364 in
938 2301 1046 2366 Praef.
1069 2322 1104 2384 p.
1127 2303 1161 2365 3.
1207 2300 1278 2386 Ego
1354 2294 1356 2299 ’

263 2415 324 2481 hos
347 2417 540 2499 interpretes
563 2418 605 2480 ab
628 2419 683 2482 illo
707 2419 822 2483 diserte
846 2430 1043 2483 memoratos
1066 2438 1133 2481 non
1153 2416 1277 2494 inveni3

259 2546 340 2597 sunt
374 2533 507 2618 quidem
535 2510 694 2599 nonnulla
725 2536 872 2620 utrisque
895 2532 1086 2600 communia
1110 2535 1167 2622 (cs.
1192 2555 1220 2600 e.
1244 2555 1278 2619 g.

263 2648 374 2716 Schol.
397 2656 443 2716 Γ.
477 2653 519 2716 ad
545 2651 656 2717 Prom.
691 2654 755 2729 10,
788 2663 820 2716 ct
853 2652 1000 2716 Eustath.
1026 2655 1068 2717 ad
1103 2651 1141 2716 ll.
1166 2673 1200 2734 p.
1225 2652 1279 2715 29.

266 2769 325 2843 35,
358 2764 464 2831 Schol.
496 2767 534 2832 8.
563 2770 605 2832 ad
631 2768 743 2835 Prom.
775 2769 861 2844 365,
893 2780 926 2831 et
960 2767 1051 2833 Eust.
1075 2770 1096 2832 1.
1120 2770 1142 2831 1.
1166 2790 1200 2851 p.
1227 2769 1279 2832 16.

268 2882 342 2963 40),
366 2885 421 2947 sed
441 2883 517 2947 talia
540 2883 574 2946 in
600 2884 753 2949 omnibus
770 2905 872 2968 paene
889 2885 1184 2971 grammaticorum
1202 2883 1282 2949 scri·

264 3001 328 3084 ptis
357 3001 605 3066 animadvertas.
652 3000 743 3086 Quae
775 3000 887 3066 Suidas
910 3023 942 3068 v.
967 3000 1097 3087 λιωργὸς
1121 3016 1153 3066 ct
1175 3005 1281 3081 nayda

268 3117 367 3181 habet
395 3119 528 3181 sortasse
563 3138 602 3182 ex
636 3119 845 3184 annotatione
876 3115 1075 3184 scholiastae
1101 3120 1145 3182 ad
1167 3116 1280 3182 Prom.

269 3257 301 3299 v.
327 3237 370 3308 7,
394 3248 426 3298 ct
448 3235 490 3298 ad
512 3235 631 3321 Agam.
656 3235 734 3300 822.
758 3239 872 3300 hausta
892 3248 980 3302 sunt.
1078 3305 1079 3308 ,

316 3350 509 3428 Rarissime,
542 3354 623 3436 quid
653 3352 892 3438 antiquioribus
923 3353 1063 3418 debeant
1090 3350 1284 3438 grammati·

273 3468 337 3544 cis,
360 3469 545 3535 scholiastae
568 3473 728 3536 referunt.
774 3470 881 3536 Schol.
918 3474 959 3536 ad
982 3472 1082 3536 Eum.
1114 3471 1190 3534 184.
1214 3467 1287 3532 λεν-

271 3583 360 3670 σμὸν]
402 3588 509 3652 κακῶν
541 3592 690 3671 ἄθροισιν
717 3594 737 3671 ἦ
769 3587 985 3674 &neapolion
1032 3585 1229 3674 Ἡρωδιανὸς
1254 3584 1288 3649 δὲ

272 3704 307 3764 τὸ
333 3705 470 3784 σύστημα
496 3697 557 3764 Ικαὶ
590 3707 768 3787 ἄθροισμα,
803 3725 887 3788 quae
922 3703 1114 3786 perturbata
1147 3714 1223 3766 sunt
1256 3712 1289 3765 et

273 3830 446 3899 corrupta,
469 3818 594 3882 duabus
614 3820 721 3905 glossis
745 3823 829 3884 male
848 3821 1026 3903 permixtis.
1072 3819 1289 3914 Scribendum

272 3931 416 4019 λιασμὸν]
446 3935 646 4022 λιθοβολίαν.
693 3935 872 4022 Ἀκρωνία]
899 3940 1006 4003 κακῶν
1029 3943 1187 4023 ἄθροισις.
1212 3939 1286 4021 ‘Hm

272 4076 302 4115 κ.
325 4076 354 4116 τ.
372 4050 428 4128 la,
454 4073 537 4136 quae
561 4074 600 4116 ex
627 4051 801 4116 Herodiani
823 4054 974 4139 glossario
998 4055 1101 4138 petita
1122 4057 1286 4120 videntur.

275 4167 347 4234 Da‘o
372 4168 505 4253 quidam
526 4171 678 4237 laudatur
702 4167 843 4237 aSchol.
863 4171 1152 4240 desperatos.
1173 4165 1288 4246 (81001.
