2988 5020
685 411 749 477 tta

212 599 360 704 pietatus
385 617 493 706 Schol.
519 619 557 684 B.
580 616 731 690 art-'1025
744 641 758 694 ,·
786 622 808 684 1.
827 613 882 696 ’3,
916 641 988 706 sqq.
1012 621 1102 686 cuius
1124 622 1225 706 expli·

209 737 295 804 catio
328 737 466 824 longior·
491 749 565 813 est,.
594 759 696 820 quam
730 751 769 802 ut
804 737 869 820 hic
891 739 1087 804 decribatur.
1133 738 1226 823 ’Ἤδη

203 869 321 919 ’ωηεν
346 876 407 938 pro
430 852 529 918 πάλαι
549 855 683 931 dubito,
707 877 749 918 an
767 857 915 938 usurpari
937 870 1087 941 nequeat.
1110 854 1225 940 Quum

155 997 159 1000 ·
207 986 321 1038 tamen
343 993 480 1056 sequens
516 993 623 1037 versus
653 973 808 1055 temporis
832 973 1054 1038 definitionem
1080 995 1227 1038 necessa-

203 1092 293 1154 ·riam
319 1092 456 1165 reddat,
480 1111 647 1154 nonaum
676 1090 835 1154 Ahrensio
858 1087 877 1172 ἦ
898 1091 937 1174 δὴ
961 1091 1053 1179 (quas
1078 1093 1226 1174 particu-

206 1211 252 1272 las
295 1229 373 1272 cum
415 1208 512 1284 alibi,
555 1221 627 1271 tum
671 1208 871 1287 coniunctim
907 1209 1077 1291 usurpavit
1116 1221 1224 1274 noster

208 1323 355 1409 Choeph.
385 1325 489 1410 731),
521 1327 575 1390 sed
604 1325 711 1408 potius
734 1324 752 1407 ἦ
777 1325 835 1407 δὴν
859 1326 1056 1409 scripserim.
1101 1325 1225 1391 Vetto:

205 1446 374 1526 profecto,
397 1444 493 1508 huius
517 1445 691 1508 commoda
711 1443 777 1508 iam
800 1443 928 1526 pridem
957 1465 976 1507 a
995 1443 1052 1506 diis
1072 1456 1148 1506 sunt
1168 1465 1225 1508 nes

204 1563 353 1647 glectass'
382 1564 423 1624 ad
446 1581 530 1645 quac
553 1563 726 1643 respondet
750 1581 885 1644 praeco:
916 1581 981 1624 non
1005 1573 1093 1624 certe
1115 1561 1226 1643 prius·

207 1699 309 1762 quam
334 1680 417 1742 hanc
446 1678 614 1762 regionem
651 1680 740 1741 malo
775 1675 977 1754 obiecisset.’'
1029 1675 1121 1761 Quae
1145 1699 1223 1742 cum

206 1795 476 1878 praecedentibus
499 1796 544 1858 ita
567 1797 760 1871 cohaerent,
795 1807 853 1870 ut,
889 1815 993 1878 quum
1018 1815 1138 1877 praeco
1161 1795 1225 1858 mi·

205 1926 316 1990 retur,
350 1913 536 1998 Polynicem
567 1912 610 1974 ab
636 1913 801 1998 Antigone
833 1911 1007 2005 honorari.
1040 1933 1139 1996 quem
1177 1912 1225 1976 ci.

206 2029 287 2096 vitas
312 2029 552 2104 odiohabeat,
577 2026 740 2112 Antigone
764 2028 848 2092 illius
869 2028 931 2090 odii
953 2049 1082 2091 causam
1104 2029 1137 2091 in
1149 2030 1224 2092 deos

205 2147 344 2227 reiiciat‚
369 2168 435 2232 quo
458 2148 590 2230 culpam
617 2146 724 2209 fratris
749 2148 852 2209 elevet
873 2167 910 2208 ac
935 2145 1048 2208 diluat.
1085 2145 1124 2208 In
1147 2167 1223 2210 ean-

207 2269 290 2330 dem·
307 2264 501 2330 sententiam
526 2264 654 2328 dictum
677 2261 826 2337 videtur,
855 2265 943 2346 quod
968 2263 1055 2327 insra
1078 2285 1108 2328 r.
1136 2264 1219 2326 1061

205 2385 324 2446 chorus
358 2383 508 2464 profert,
541 2393 579 2444 ut
615 2379 771 2465 Polynicis
808 2393 914 2461 partes
944 2401 1046 2465 quare
1067 2393 1223 2466 sequatur

136 2585 138 2588 Ι
203 2502 370 2564 ostendat:
395 2501 449 2563 καὶ
479 2502 539 2582 γὰρ
564 2505 657 2582 γενεᾷ
678 2501 799 2563 Κοινὸν
817 2497 881 2563 τόὸ’
906 2501 993 2583 ἄχος.
1040 2497 1079 2562 In
1103 2497 1222 2584 Agam.

206 2619 358 2693 v.1497,
380 2637 453 2701 sqq.
478 2636 574 2680 suum
599 2617 701 2679 scelus
725 2627 857 2678 excusat
880 2613 1141 2700 Clytaemnestra
1164 2636 1222 2700 po-
1274 2687 1276 2692 ,

203 2747 316 2800 testate
328 2733 494 2798 daemonis
513 2733 633 2812 infesti,
658 2732 771 2816 quiin
794 2732 861 2815 ipsa
884 2732 929 2795 ita
951 2731 1110 2809 saevierit,
1134 2744 1172 2797 ut
1191 2736 1220 2798 ei

203 2854 347 2916 resistere
367 2851 470 2915 inanis
490 2851 599 2916 fuisset
622 2869 731 2932 opera.
756 2846 975 2913 Memorabilis
989 2853 1221 2934 quoquelocus

204 2984 250 3034 est
273 2969 422 3053 Choeph.
439 2971 517 3034 897.
539 2968 597 3032 ubi
619 2966 705 3054 Clyt.
726 2975 748 3050 ἠ
768 2975 862 3052 μοῖρα
882 2972 1000 3034 τούτων
1026 2968 1220 3055 (Agamem-

203 3089 296 3154 nonis
320 3084 516 3172 intcrfecti),
541 3078 566 3149 ὦ
590 3087 723 3162 τέκνον,
746 3087 921 3169 παραιτία,
945 3083 1050 3150 Orest.
1075 3089 1129 3149 nai
1150 3090 1220 3153 τόν·

203 3206 237 3271 δε
257 3207 367 3273 τοίνυν
392 3208 472 3291 μοῖρ’
494 3208 662 3290 ἐπόρσυνεν
689 3208 803 3290 μόρον,
827 3202 1024 3288 quibuscum
1050 3215 1137 3268 recte
1159 3205 1217 3268 Ze-

202 3325 294 3389 nonis
318 3325 443 3388 dictum
462 3324 570 3412 sapud
605 3322 700 3408 Diog.
725 3322 835 3386 Laa'rt.
864 3320 940 3386 VII.
966 3319 1024 3409 23)
1047 3342 1140 3386 serro
1164 3344 1220 3386 ex·

203 3443 381 3508 cusentiae
405 3441 511 3507 verbis
536 3442 661 3524 εἵμαρτό
686 3464 739 3522 μοι
769 3438 887 3522 κλέψαι
917 3437 1140 3522 respondentis
1165 3442 1221 3506 aui

203 3562 336 3647 δαρῆναι
348 3609 359 3641 ,
385 3558 552 3624 contendit
586 3556 854 3644 Naegelsbachius
889 3556 924 3620 in
954 3556 1040 3621 libro
1072 3556 1112 3621 de
1136 3559 1221 3624 reli-

200 3677 364 3765 pe‘oaibus
382 3675 561 3740 Orestiam
581 3671 748 3760 Aeschyli
772 3673 1027 3738 continentibus
1054 3673 1219 3763 (Norimb.

205 3794 318 3881 1843).
364 3793 428 3860 Sed
458 3794 638 3860 accuratius
667 3795 707 3858 de
739 3793 788 3858 his
808 3790 919 3880 'agere
943 3813 1011 3860 non
1042 3806 1090 3860 est
1124 3795 1220 3860 huius

203 3913 276 3980 ioci.
1117 3904 1123 3915 ⁸

196 4007 198 4010 Ι
250 4035 348 4100 1057.
384 4027 493 4098 schot.
520 4031 610 4099 Voss.
643 4033 677 4099 2.
709 4032 757 4104 τίς
778 4033 823 4114 ἂν,
846 4025 901 4095 οὖν
932 4031 1077 4114 πεισθείη
1106 4035 1148 4105 εἷς
1179 4031 1218 4096 ra
