3050 5034
772 423 815 486 66

292 627 393 692 verbo
425 627 633 711 ἐκθαμνίσητε
664 641 697 691 et
717 627 874 693 simitinm
896 629 1045 694 locorum
1066 628 1308 712 comparatione

290 743 460 827 probabile
491 744 592 808 videri
627 743 743 825 debet,
778 746 957 829 πρίμνοθεν
992 767 1071 810 eum
1100 745 1308 810 Blomfieldio

290 863 543 943 praeferendum
578 874 636 926 est.
682 860 835 947 Hesychii
869 863 969 928 verba
1006 862 1052 946 (v.
1085 862 1257 948 πρυμναόε)
1282 854 1307 927 si

290 999 388 1060 supra
412 991 502 1043 reete
524 979 765 1061 interpretatus·
778 1001 872 1056 sum,
896 1001 961 1045 non
981 981 1106 1044 mirum
1126 987 1307 1064 πρυμνόθεν

289 1095 365 1159 alibi
395 1117 526 1180 quoque
554 1118 573 1159 a
600 1096 825 1181 grammatioie
849 1118 910 1179 pro
943 1097 1123 1182 πρίμνοθεν
1143 1119 1207 1162 esse
1229 1097 1306 1162 sub-

288 1213 453 1278 stitutum.
497 1213 653 1278 Ceterum
676 1215 784 1300 imago
808 1227 958 1298 quaeest
978 1217 1047 1302 hoo,
1069 1218 1143 1279 loeo
1163 1214 1305 1299 antiquis

289 1331 391 1414 poetis
403 1332 570 1395 familiaris
583 1343 639 1395 est.
662 1329 777 1396 Noster
799 1332 903 1396 Eum.
925 1334 1001 1398 379.
1020 1332 1305 1415 νῆν-’Ἕνειμαν

292 1449 507 1532 αὐτόπρεμνον
529 1453 571 1521 είς
595 1452 631 1512 τό
654 1456 720 1516 πᾶν
743 1452 828 1533 ἐμοί,
851 1449 965 1515 Prom.
995 1452 1092 1515 1048.
1118 1455 1222 1538 χθόνα
1239 1427 1305 1514 nte

290 1569 462 1648 πυθμένων
474 1567 602 1639 Aornis·
622 1567 723 1650 ῥίζαις
744 1571 864 1648 πνεῦμα
880 1568 1056 1651 κραδαίνοι.
1080 1567 1189 1634 Solon.
1202 1571 1303 1654 frgm.

294 1685 346 1746 12.
369 1685 401 1747 9.
425 1681 559 1755 πλοῦτος
583 1683 625 1759 θ’,
644 1685 681 1748 ὃν
705 1686 763 1764 μὲν
784 1683 859 1748 δῶσι
879 1689 962 1765 θεοί,
985 1688 1195 1771 παραγίνεται
1212 1684 1305 1769 α’νόρί

290 1777 452 1883 ’Ἐμπεδος
477 1803 511 1864 ἐκ
533 1805 646 1865 νείατον
669 1802 832 1884 πυθμένος
856 1807 899 1876 εἷς
922 1811 1069 1888 κορυφήν.
1114 1802 1245 1869 Gallim.
1269 1805 1304 1866 in
1334 1782 1342 1800 i

289 1917 360 1982 Del.
387 1920 442 1982 35.
476 1919 543 1980 Καί
563 1920 619 1990 τὰς
638 1920 698 2000 μὲν
726 1917 864 2005 (νήσους)
886 1924 968 1984 κατὰ
988 1919 1122 2007 βίνθος,
1145 1922 1190 1986 ἵν’
1212 1921 1304 2000 ἠπεί-

292 2059 358 2119 ροιο
404 2035 561 2102 torserat
602 2040 788 2118 Πριμνόθεν
835 2038 879 2126 (v.
917 2036 1114 2122 πρυμνόθεν)
1151 2040 1301 2124 ἐρ’ῥίζωσε.

291 2149 391 2235 Soph.
419 2153 471 2219 Et.
496 2155 573 2218 755.
597 2153 782 2238 πρόρριζον,
814 2156 857 2227 ὥς
878 2153 997 2228 ἔοικεν,
1020 2155 1178 2237 ἔφθαρται
1200 2156 1301 2236 γένος.

290 2270 384 2336 Adde
415 2293 499 2356 quae
523 2271 664 2336 afferunt
686 2270 843 2338 Valcken.
869 2273 910 2335 ad
934 2270 1034 2354 Hipp.
1062 2273 1146 2352 683,
1181 2272 1300 2338 Biomf.

289 2391 385 2454 adh.
409 2391 432 2454 l.
988 2397 990 2402 ’

339 2504 393 2568 79.
418 2503 526 2570 Sohol.
539 2504 581 2570 A.
593 2507 631 2570 ad
646 2507 690 2569 80
699 2507 789 2570 huno
802 2509 912 2571 locum
926 2507 1077 2590 explieat,
1100 2507 1190 2591 quasi
1203 2506 1302 2571 verbe

290 2623 354 2688 hoo
366 2621 478 2686 ordine
490 2623 628 2708 legisset:
648 2629 810 2688 Μεθεῒται
822 2627 951 2710 στρατός
965 2624 1137 2708 πρόδρομος
1154 2627 1301 2698 ἱππότας.

289 2738 515 2824 Στρατόπεδον
548 2739 652 2806 λιπὼν
687 2746 736 2827 ῥεῖ
761 2740 858 2816 πολιός
892 2741 944 2806 ὅδε
978 2741 1074 2817 λεώς,
1106 2744 1158 2805 vel
1179 2743 1252 2807 Ῥεῖ
1264 2769 1301 2808 π.

290 2855 342 2920 tte
367 2854 396 2920 λ.
424 2861 573 2942 στρατόπ.
605 2856 691 2934 ton,
725 2879 804 2922 nam
833 2861 873 2922 de
895 2857 999 2923 verbis
1022 2857 1232 2943 στρατόπεδον
1256 2857 1302 2922 λι-

290 2972 361 3038 πὼν
397 2972 478 3038 nihil
509 2973 541 3036 in
576 2974 853 3056 interpretatione.
901 2973 988 3040 Cum
1022 2973 1133 3040 Sohol.
1155 2975 1196 3040 A.
1221 2997 1302 3040 oon·

289 3091 386 3156 sentit
414 3089 520 3156 Sohol.
553 3090 644 3158 Voss.
679 3095 716 3166 l,
749 3091 808 3156 nisi
839 3094 928 3176 quod
959 3095 981 3158 1.
1016 3094 1048 3156 2.
1080 3105 1168 3158 recte
1199 3096 1302 3179 όρμόνν

289 3229 351 3290 pro
386 3211 464 3292 όρμᾷ
496 3207 641 3291 ponitur.
684 3207 775 3274 Voss.
805 3210 836 3273 2.
869 3212 890 3274 ό
917 3213 1046 3293 στρατός
1070 3213 1301 3296 συγκεχώρηται

290 3327 344 3388 ιιαί
375 3325 502 3404 α’φίεται
533 3328 609 3410 πρὸς
644 3329 702 3406 τὴν
734 3323 845 3400 πόλιν,
878 3323 1077 3408 καταλείψας
1104 3328 1160 3391 τόν
1184 3331 1300 3402 τόπον,

290 3442 374 3508 ἔνθα
397 3443 506 3508 ἔκειτο.
552 3429 633 3508 Ὧδε
664 3441 747 3532 (MS.
771 3435 850 3521 ὦόε;
885 3442 1002 3506 excidit
1022 3440 1082 3528 ῥεῖ)
1105 3441 1202 3517 πολιός
1227 3441 1302 3518 λαός

290 3563 424 3644 ἱππότης
452 3559 624 3646 πρόδρομος
653 3567 722 3643 ἤτοι
748 3560 893 3646 δρομαῖος
923 3559 1139 3646 ἤπροτρίχιον
1159 3563 1223 3626 τῶν
1242 3557 1301 3622 ἄλ·

289 3675 372 3750 λων,
397 3677 491 3741 οἱονεί
516 3680 580 3741 τῶν
600 3679 725 3756 πεζῶν,
750 3698 833 3760 quae
855 3677 880 3740 si
905 3697 983 3742 oum
1005 3674 1300 3742 sch01.·a.advs.

289 3793 334 3856 80
359 3803 612 3874 comparantur,
648 3792 785 3874 suspicio
806 3792 974 3869 παντοίων,
1008 3813 1104 3868 eum,
1129 3793 1186 3877 qui
1210 3791 1302 3860 hune

286 3909 413 3972 'librum
430 3904 608 3991 scripserit,
621 3908 792 3992 antiquam
808 3909 1108 3992 interpretationem
1121 3900 1301 3975 secundum

289 4023 481 4102 lectionem,
505 4045 605 4108 quam
631 4025 696 4110 ipse
721 4025 755 4088 in
779 4039 869 4090 textu
892 4027 1079 4104 invenisset,
1102 4028 1301 4093 immutasse.
