3050 5034
751 363 812 407 vlu

269 569 359 633 posse
393 550 598 636 distinguere.
641 548 807 614 Primam
841 548 1044 614 constituunt
1071 551 1193 616 scholia
1220 551 1289 618 Me·

269 667 375 742 dicei,
410 668 467 753 qui
501 667 582 733 liber
606 667 745 751 scriptus
765 679 812 731 est
834 687 916 732 saec.
938 665 980 732 X.
1000 667 1127 754 velflXl.
1174 676 1285 734 Anno-

269 788 425 850 tationem
449 785 584 851 breuem
605 787 659 850 sed
677 787 810 852 doctmn
829 785 993 850 continere
1014 785 1141 851 videtur
1162 789 1288 872 saepius

268 903 469 991 ad3singula
484 967 486 972 ,
502 903 599 970 verbo
626 923 727 988 quam
753 905 793 968 ad
820 903 1096 969 constructionem
1118 903 1284 970 illustran-

267 1027 344 1088 dam
365 1024 659 1088 accommodatam.
696 1020 942 1088 Accuratiorem
955 1022 1161 1088 collationem
1181 1044 1200 1088 a
1219 1022 1283 1089 Co·

266 1141 338 1205 beti
359 1138 526 1226 diligentia
543 1151 775 1222 exspectamus.

311 1255 465 1322 Secunda
497 1257 623 1332 classis,
658 1277 742 1341 quae
773 1255 941 1321 invenitur
968 1257 1002 1320 in
1029 1255 1120 1322 Voss.
1153 1260 1194 1332 1,
1226 1271 1283 1334 et,
1398 1337 1400 1340 Ι
1515 1231 1516 1310 Q

264 1390 303 1440 ut
330 1377 498 1460 suspicor,
530 1374 566 1439 in
602 1375 765 1459 plerisque
799 1374 980 1451 codicibus,
1012 1375 1109 1440 habet
1130 1374 1280 1440 latiorem
1374 1373 1393 1394 ”

264 1494 499 1558 sententiarum
522 1492 803 1575 explanationem,
825 1512 909 1576 qnae
928 1495 1125 1578 plerumque
1148 1514 1283 1558 memo·

265 1611 341 1675 ratis
373 1615 488 1694 poetae
517 1608 622 1672 verbis
650 1607 783 1695 singulis
815 1609 1119 1693 interpretationem
1138 1611 1282 1676 annectit

264 1725 461 1808 interpositis
489 1724 610 1790 voculis
641 1731 731 1807 ἦτοι,
765 1731 881 1807 ἤγουν,
914 1730 986 1803 καὶ,
1009 1729 1099 1812 quod
1121 1727 1279 1792 indicium

263 1843 451 1906 recentioris
483 1841 615 1927 originis
649 1842 762 1905 haberi
793 1845 883 1906 solet.
930 1842 1117 1928 Pleraque,
1142 1865 1225 1928 quae
1247 1846 1281 1908 in

264 1959 409 2024 Mediceo
426 1958 639 2024 inveniuntur
657 1957 712 2023 hic
735 1957 924 2024 Scholiastes
945 1962 1008 2026 suis
1021 1962 1167 2028 inseruit.
1190 1961 1280 2026 Num

263 2092 429 2164 praeterea
462 2077 539 2142 alios
572 2077 769 2143 consuluerit
807 2079 1078 2154 commentarios,
1115 2079 1278 2144 incertum

262 2212 320 2263 est.
366 2197 469 2274 Inde,
502 2198 591 2280 quod
624 2193 745 2260 scholia
779 2197 820 2260 ad
844 2194 933 2278 Sept.
962 2198 1164 2276 105‚,132,
1202 2200 1277 2264 149.

259 2320 282 2380 l.
299 2321 338 2392 7,
361 2338 432 2400 sqq.
448 2316 482 2377 in
506 2313 650 2378 Mediceo
674 2313 907 2388 desiderantur,
931 2315 994 2378 hoc
1018 2333 1084 2376 nou
1106 2315 1180 2379 satis
1204 2327 1278 2379 tuto

262 2434 438 2518 colligitur.
471 2429 557 2494 ¹Nou
581 2429 798 2512 improbabile
810 2443 867 2505 est,
892 2431 1074 2512 pleniorem
1086 2433 1172 2496 hanc
1183 2453 1275 2496 enar-

261 2552 422 2616 rationem
460 2573 479 2614 a
509 2546 742 2634 ludimagistris
778 2548 992 2630 compositam
1027 2549 1094 2614 sive
1136 2549 1177 2612 ab
1202 2551 1275 2632 ipsis

261 2671 368 2733 sivea
398 2667 563 2750 discipulis·
590 2663 721 2730 chartae
748 2667 842 2730 luisse
868 2668 1069 2738 mandatam.
1116 2666 1212 2733 Unde
1234 2667 1274 2731 si-

260 2789 333 2850 mul
372 2787 628 2871 intelligeretur,
671 2805 773 2868 qnare
810 2798 875 2848 tres
910 2785 1036 2866 primae
1071 2785 1274 2870 tragoediae,
1343 2839 1350 2852 .

262 2926 341 2988 quas
364 2903 496 2986 reliquis
510 2903 623 2988 ,magis
647 2904 743 2965 lectas
765 2901 881 2976 fuisse,
910 2902 1015 2966 maior
1039 2901 1132 2969 MSS.
1156 2923 1272 2966 nnme-

260 3043 316 3086 rus
346 3017 472 3106 arguit,
506 3021 613 3081 multo
642 3017 814 3101 ampliores
837 3018 979 3082 habeant
1003 3020 1273 3096 commentarios,

259 3161 362 3223 quam
387 3150 529 3222 quatuor
563 3135 727 3219 reliquae,
764 3157 847 3218 quae
883 3150 951 3201 tam
987 3150 1122 3220 propter
1146 3137 1275 3202 dicendi

258 3277 360 3342 genus
382 3255 498 3337 passim
516 3253 693 3330 obscurius,
717 3275 818 3339 quam
845 3253 965 3318 crebris
988 3254 1199 3319 librariorum
1221 3276 1272 3319 er-

257 3373 385 3439 roribus
411 3371 519 3436 minus
545 3385 619 3455 apte
645 3372 678 3436 in
700 3371 815 3437 scholis
839 3373 995 3456 explicari
1020 3386 1157 3456 possent.

304 3493 356 3556 Ad
377 3494 522 3560 tertiam
544 3493 804 3563 classemrefero
826 3491 928 3556 uarias
950 3491 1101 3555 lectiones
1126 3494 1272 3556 etecho-

258 3610 301 3673 lia
325 3611 482 3692 quaedam
507 3607 640 3672 infimae
665 3607 775 3671 aetatis
798 3607 939 3672 Parisino
963 3607 988 3670 B
1013 3608 1115 3696 (Voss.
1141 3607 1188 3694 2.)
1215 3611 1270 3675 ad-

257 3725 395 3807 scripta,
427 3746 509 3809 qnae
539 3725 657 3788 collato
678 3727 779 3788 altero
802 3725 887 3788 libro
909 3722 1065 3792 Vossiand
1086 3725 1182 3791 facile
1202 3739 1271 3790 erat

257 3863 440 3930 agnoscere.
499 3841 680 3908 Versantur
716 3841 770 3906 illa
810 3845 1007 3927 plerumque
1041 3842 1075 3906 in
1116 3844 1271 3909 varietate

257 3960 400 4024 lectionis
425 3960 613 4043 explicanda
636 3973 692 4024 aut
717 3960 894 4024 verborum
920 3959 1032 4026 ordine
1057 3959 1267 4042 expediendo.
