2988 5020
667 429 733 490 133·

190 639 231 704 A.
261 637 320 700 ad.
337 635 416 701 842.
449 633 548 698 habet
573 633 630 714 τὴν
653 633 821 712 διάγουσαν
845 623 915 703 rode
940 623 1074 714 νεκροοίς.
1121 627 1206 693 Vera

190 754 288 818 leotio
312 753 408 817 facile
429 751 594 816 obliterari
607 751 724 832 ¹potuit
746 745 1030 834 glossa'sequentis
1055 743 1204 810 ⁴vocabuli

195 869 362 962 (θεωρίδα)
388 873 478 934 ναῦν.
523 865 640 951 Itaque
659 863 784 930 scribo:
886 863 889 868 ’

418 989 488 1051 Τάν
511 990 647 1050 άστονον
670 983 881 1068 μελάγκροκον

359 1102 361 1108 ’
418 1099 639 1169 Νεκυοστόλον
663 1099 811 1185 θεωρίδα.

193 1224 298 1286 triste
317 1233 551 1288 resonantem,
577 1219 684 1306 nigro
705 1217 774 1282 velo
798 1220 1027 1292 inserueram,
1054 1205 1207 1280 mortuos

194 1338 408 1404 deducentem
440 1337 570 1402 nauem.
618 1337 807 1422 Ἀμείβεται
832 1332 1004 1398 Schutzius
1036 1335 1133 1399 vertit
1156 1357 1207 1397 eo-

196 1459 370 1531 mitatur,
394 1454 513 1520 Blomf.
537 1451 694 1532 deducu,-
718 1447 836 1516 melius‘
855 1449 1029 1516 Ahremius
1056 1454 1208 1536 recipro-

197 1584 274 1649 σαί,
298 1573 318 1636 i.
338 1595 364 1636 e.
386 1573 557 1658 οἱμοιβαίονς
581 1571 695 1652 πέμπει
705 1619 714 1649 ,
740 1572 791 1634 vel
811 1571 852 1632 irs
871 1571 1045 1654 reciproco
1065 1572 1208 1655 noviqu-

198 1692 292 1753 ts'ous
316 1691 516 1754 comitatur.
562 1687 666 1754 Versu
680 1683 804 1750 'ultimo
829 1686 927 1750 verba
951 1682 1142 1750 cohaerent:
1168 1689 1210 1760 είς

200 1807 362 1874 πάνδοκον
385 1809 438 1870 καί
463 1807 568 1888 ἅφανῆ
592 1804 709 1891 χέρσον.
757 1803 808 1868 Cf.
830 1802 945 1868 Matth.
972 1807 989 1888 §
1013 1805 1089 1870 595.
1116 1806 1155 1880 4,
1178 1816 1211 1868 et

198 1924 257 2008 qui
281 1924 326 1988 ibi
349 1927 541 1997 laudantur,
569 1923 673 1992 Well.
696 1924 738 1985 ad
759 1922 858 1986 Eum.
883 1923 961 1987 673.
985 1925 1054 1987 οὔτε
1077 1927 1213 2006 Σκυθη-

203 2046 356 2112 σονυῦτε
379 2041 524 2114 Πέλοπος
557 2042 591 2105 ἐν
623 2043 749 2117 τόποις,
783 2039 869 2101 infra
903 2038 999 2102 1022.
1035 2042 1149 2103 Δεινὸν
1177 2041 1212 2102 τὸ

201 2162 309 2224 κοινὸν
327 2157 518 2244 σπλάγχνον,
544 2143 790 2238 elimontem,
814 2156 945 2238 Μητρὸς
962 2152 1113 2238 ταλαίνης
1129 2157 1213 2219 uelud

202 2275 357 2358 δυστήνου
390 2280 524 2361 πατρὸς,
561 2275 618 2338 ubi
642 2274 770 2340 brevius
792 2276 846 2338 sed
870 2277 965 2356 plane
989 2277 1078 2358 quod
1100 2274 1213 2351 sentit,

203 2395 368 2478 eloquitur
390 2394 572 2480 Antigone3
597 2390 780 2476 posterioris
805 2413 931 2467 versus,
964 2392 1020 2475 qui
1046 2392 1146 2455 alteri
1160 2413 1214 2454 ex*

202 2512 353 2592 plicando
377 2511 519 2586 inservit,
545 2501 737 2575 sententiam
762 2509 925 2592 exprimas
947 2510 1008 2573 sic:
1034 2511 1088 2572 καί
1107 2513 1143 2574 τὸ
1163 2535 1217 2590 γε-

203 2628 334 2708 γονέναι
357 2630 420 2692 dat
442 2631 555 2712 μητρὸς
574 2626 727 2710 ταλαίνης
751 2629 804 2690 καλ
825 2626 979 2707 δυστήνου
998 2631 1126 2709 πατρὸς.
1156 2625 1217 2692 Ce-

201 2759 315 2808 terum
348 2761 415 2806 nou
448 2745 625 2807 audiendus
656 2741 832 2816 Stanleius,
865 2743 921 2824 qui
953 2763 1061 2806 vorsus
1084 2745 1159 2807 839.
1185 2758 1218 2809 et

205 2861 283 2924 840.
309 2859 496 2923 coniunctos
522 2880 626 2921 unum
643 2848 823 2922 iambicum
845 2881 864 2922 s
883 2857 1056 2924 Soholiaste
1079 2862 1218 2925 metrico

205 2974 270 3041 dici
302 2976 486 3051 contendit,
518 2989 550 3039 et
581 2976 656 3041 inde
688 2976 811 3059 liquere
839 2986 936 3060 putat
960 2977 1132 3044 sodomiae
1155 2961 1220 3042 esse

206 3097 374 3181 glossema.
421 3092 542 3168 Potius,
566 3093 589 3156 si
610 3093 762 3157 hariolari
784 3093 871 3168 lieet,
896 3095 970 3157 inde
983 3109 1218 3180 argumentum

206 3223 296 3292 petas
320 3230 382 3292 pro
402 3209 540 3273 lectione
562 3207 775 3278 νεκυοστόλον.
823 3209 940 3274 Versus
957 3209 1044 3274 enim
1063 3213 1128 3276 836
1147 3211 1219 3301 (ubi

207 3333 282 3410 γόον
299 3325 405 3414 legit)
443 3339 475 3390 et
498 3327 644 3411 quinque
672 3339 840 3411 sequentes
871 3327 1024 3391 iambicos
1055 3329 1220 3394 trimetros

209 3444 355 3527 quinque
380 3457 491 3520 νοσεῖς
517 3444 627 3527 itaque
651 3444 695 3507 sio
717 3465 769 3506 eos
791 3443 957 3507 distribuit
984 3448 1012 3508 1.
1038 3444 1218 3523 Ἀλλαί-,

209 3562 241 3624 2.
258 3565 293 3642 φλ
310 3563 401 3645 κρατί
412 3595 472 3634 ·-‚
497 3563 529 3624 3.
544 3563 577 3625 ἐν
595 3559 640 3640 δι’,
651 3597 709 3634 -,
736 3562 766 3624 4.
781 3559 994 3644 μελάγκροκον
1012 3586 1219 3640 νεκυοστ.-,

212 3681 243 3740 5.
274 3681 332 3742 τάν
361 3675 634 3762 ἀστιβῆ-ἀνάλιον.
681 3677 811 3760 Inepte3
845 3700 952 3742 versus
976 3681 1053 3744 836.
1086 3695 1119 3744 et
1142 3683 1220 3749 842.

211 3794 402 3876 antispastioi
425 3809 502 3858 sunt
524 3798 652 3859 formae
676 3817 843 3882 perquamx
860 3797 1004 3863 usitatae.
1030 3798 1081 3862 Ad
1104 3821 1221 3863 eumu-

210 3911 364 3975 lationem
377 3912 597 3993 epithetorum
610 3915 845 3980 defendendam
860 3914 1001 3978 conferri
1013 3917 1146 3996 possunt
1159 3916 1221 4000 Ag.

215 4029 297 4104 145,
324 4030 405 4104 186,
430 4026 544 4112 Suppl.
569 4033 652 4105 105,
677 4032 762 4105 665,
784 4033 872 4105 -775,
900 4032 977 4096 Eur.
992 4029 1065 4114 lph.
1092 4031 1130 4098 Τ.
1145 4035 1221 4098 226.
