3050 5034
767 523 807 586 18

280 729 388 810 rium,
420 731 473 796 cui
505 729 592 795 inter
624 729 657 796 ot
682 727 796 813 τολμῇς
826 741 859 794 et
882 729 911 794 δ’
937 729 1077 815 r’rdlppc’
1103 730 1293 816 eligendum

279 863 377 926 esset,
407 869 475 914 non
506 868 581 914 sane
613 847 802 918 mirandum
832 860 904 925 vest,
937 851 1079 914 alterum
1104 849 1296 932 praetulisse

281 967 335 1056 (ad
355 966 477 1032 Phoen.
499 989 531 1030 v.
548 963 649 1050 856);
685 965 741 1030 s'ed
761 964 849 1028 inter
871 964 1026 1030 lectiones
1046 966 1108 1046 lydo
1132 965 1162 1030 δ’
1183 965 1293 1032 dmi.-

279 1093 337 1170 μῇς
358 1085 391 1148 ‘et
413 1084 473 1164 ἐγὼ
494 1081 678 1166 δ’«ἐτόλμηῶ
696 1082 786 1165 optio
805 1085 903 1166 paulo
921 1097 967 1148 est
984 1083 1183 1166 impeditior.
1206 1083 1291 1150 Num

278 1203 427 1286 primum
450 1203 559 1268 forma
579 1200 694 1285 τολμῇς
706 1201 808 1284 proba
819 1213 876 1265 est.
911 1207 1012 1284 Τιμῇς
1030 1201 1151 1288 legitur
1171 1202 1291 1268 lt‘lxe

279 1324 368 1399 605,
392 1320 602 1402 τολμήστατος
626 1341 644 1383 e
664 1315 757 1383 MSS.
778 1341 797 1382 a
819 1317 1022 1383 Buttmanno
1044 1319 1224 1402 repositum
1244 1333 1292 1385 est

279 1442 367 1523 apud
398 1436 498 1521 Soph.
531 1435 615 1503 Phil.
639 1437 718 1501 984.
750 1438 794 1501 cf.
817 1449 985 1519 praeterea
1016 1435 1136 1502 Mutth.
1161 1439 1290 1523 5121.

277 1557 375 1631 nt,
398 1556 484 1620 129.
507 1577 542 1618 n.
588 1554 697 1638 Atque
728 1575 765 1617 ea
797 1547 907 1619 forme
929 1554 999 1620 talis
1023 1568 1087 1632 est,
1122 1568 1160 1620 ut
1196 1554 1292 1622 facile

277 1669 296 1766 a
328 1671 467 1735 librariis
502 1692 568 1734 non
598 1669 760 1736 intellecta
791 1670 957 1735 obliterari
988 1673 1155 1755 potnerit,
1187 1693 1290 1758 qnam

277 1789 321 1855 ob¹
340 1804 484 1854 'causam
516 1789 686 1872 antiquam
721 1787 895 1852 lectionem
929 1791 1146 1854 revocandam
1182 1804 1291 1856 censet

278 1907 400 1992 Haupt.
415 1929 447 1991 p.
459 1906 559 1983 XIX,
584 1927 662 1970 cum
679 1927 746 1992 quo
772 1908 878 1972 fecere
899 1906 1028 1971 videtur
1046 1906 1177 1994 Bergk..
1189 1907 1291 1996 (Zeit-

278 2028 365 2093 schr.
390 2028 415 2092 f.
439 2026 471 2090 d.
496 2024 745 2090 Alterthumsw.
767 2023 872 2100 18³5,
897 2043 931 2107 p.
949 2021 1028 2108 955)
1050 2059 1096 2078 -·
1118 2024 1157 2090 Ὁ
1178 2023 1293 2110 suippe

280 2142 426 2234 (audead
436 2165 513 2210 cum
525 2142 750 2229 indignatione
760 2143 903 2228 quadem
916 2143 1041 2208 dietum
1055 2155 1101 2208 est
1114 2165 1176 2226 pro
1179 2143 1292 2231 forti,

276 2265 517 2352 magnanimo.
566 2263 672 2348 »Ego
697 2283 793 2337 vero,
824 2282 925 2346 quem
949 2283 1039 2327 nnnc
1063 2262 1214 2327 audaciae
1238 2283 1291 2328 ac-

277 2395 412 2457 cusant,
436 2401 495 2463 per
514 2374 821 2465 magnanimitatem
844 2378 968 2444 servavi
993 2380 1163 2456 mortales,
1188 2393 1227 2445 ut
1246 2401 1289 2446 nc

277 2498 427 2581 discerpti
448 2509 590 2561 mortem
612 2497 838 2579 oppeterent.”
884 2496 1032 2561 Alteram
1056 2498 1227 2564 lectionem
1243 2499 1288 2589 (dl

276 2613 335 2702 tv.)
382 2614 574 2682 scholiastes
597 2619 685 2678 recte
708 2613 839 2678 monuit
861 2619 940 2696 ’μετὰ
957 2620 1057 2698 ἤθους
1075 2615 1196 2681 dictam
1213 2639 1288 2694 esse,
1406 2602 1413 2610 ¹

201 2775 205 2786 ·
277 2736 366 2819 quod
389 2733 531 2817 pertinet
553 2735 592 2798 ad
614 2732 803 2818 asyndeton.
847 2731 1085 2815 Explicnndum
1106 2734 1195 2798 enim
1208 2735 1289 2800 illud

275 2852 407 2915 videtur
430 2871 479 2922 ex,
494 2870 542 2926 eo,
567 2851 657 2933 quod
679 2847 895 2914 Prometheus
916 2871 994 2916 cunr
1014 2851 1121 2916 studio
1143 2855 1286 2930 quodem

277 2983 310 3034 st
336 2971 451 3036 ardore
476 2967 673 3031 beneficium
698 2987 794 3031 suum
829 2967 1030 3050 prcedicct.¹
1058 2968 1098 3032 Iu
1129 2970 1290 3057 Aeschylo

274 3088 411 3174 quidem
428 3087 617 3169 exemplum
643 3105 773 3167 prorsus
795 3084 902 3149 airnile
926 3099 1051 3151 exstare
1072 3107 1139 3153 non
1165 3089 1289 3152 memi-

273 3205 329 3282 ni,
353 3207 407 3272 sed
432 3203 575 3270 conferri
597 3213 703 3285 potest
731 3205 820 3268 locus
842 3224 882 3266 ex
906 3201 1069 3288 Euripidis
1090 3203 1286 3280 Phoenissis,
1379 3211 1387 3226 ’

164 3389 166 3395 ,
274 3343 308 3388 u.
327 3323 404 3400 476,
427 3322 484 3386 uhi
497 3321 661 3408 Polynices
684 3341 812 3392 causam
833 3341 926 3385 suam
945 3322 1120 3386 defendens
1129 3320 1218 3402 ΙἘγὼ
1240 3321 1287 3403 dd,

272 3441 404 3527 inquit,
436 3442 552 3525 πατρὸς
577 3439 727 3522 δωμάτων
756 3438 1001 3524 revocassem
1016 3439 1147 3521 ⁴Todpdu
1176 3463 1208 3504 cs
1234 3443 1288 3504 cccl

275 3559 374 3625 τοῦδ’·
393 3561 540 3641 ἐκφυγεῖν
559 3559 678 3644 χρῄζων
690 3558 777 3642 ,ἀρὰς
789 3593 834 3608 -
850 3555 1012 3640 Ἔξῆλθον
1029 3555 1188 3637 tremat
1205 3556 1287 3624 tude

274 3677 369 3749 αὐτὸς
383 3676 593 3760 ,susdeque
604 3673 674 3738 loco
685 3673 862 3738 Matthineo
873 3671 1048 3761 corrigenti
1061 3673 1092 3738 cl’¹
1103 3674 1182 3759 ἀράς
1198 3687 1287 3740 recte

274 3813 345 3856 non
367 3791 539 3856 obsecutus
562 3803 609 3856 est
631 3789 739 3857 Klotz.
763 3789 904 3856 Paulum
925 3792 1081 3856 differunt
1093 3790 1193 3858 Eum.
1208 3794 1287 3871 231,

277 3909 394 3994 Suppl.
411 3911 488 3986 750,
513 3908 552 3975 ll.
576 3907 685 3976 XXII.
712 3910 787 3975 129.
810 3909 1184 3994 Videndumpraeterea,
1203 3933 1287 3976 nuru

273 4027 370 4094 lectio
390 4031 411 4093 ό
432 4052 462 4094 τ.
486 4026 663 4092 correctori
686 4025 861 4106 debe‘ctur;
897 4027 1020 4093 facilius
1053 4028 1126 4094 fieri
1155 4030 1286 4113 potuit,
1373 4031 1377 4038 '

174 4226 177 4232 ι
263 4161 312 4212 ··nt
335 4167 411 4212 oum
436 4149 797 4224 AE-TOAMHZnon'
824 4144 1078 4233 intelligeretur,
1102 4160 1288 4215 mutaretur
