3050 5034
776 553 818 620 tt

344 749 457 855 Scitol.
489 751 603 825 Faehs.
628 758 668 828 ed
693 759 769 822 710.
804 756 1004 843 ἐξηρτημένοι
1034 764 1087 824 καὶ
1121 762 1314 847 &edicione

301 865 369 935 οἷον
395 874 429 936 ἐν
455 882 519 948 τοῖς
544 873 705 963 ἑκηβόλοις
735 876 836 952 τόξοις
870 874 915 962 (ν.
935 873 1037 962 713);
1063 877 1126 962 leg.
1153 879 1314 965 ἐξῃρμένοι

300 990 354 1050 καὶ
379 991 581 1076 δαῤῥοῦντις.
631 991 695 1062 Sed
718 995 867 1070 fortasse,
900 1013 1006 1075 quum
1037 995 1093 1058 hae
1126 995 1312 1081 similesque

298 1107 416 1190 glossae
435 1129 453 1170 a
474 1109 611 1175 librariis
633 1109 755 1174 additas
776 1130 840 1176 cese
859 1129 927 1175 non
946 1109 1163 1192 improbabile
1183 1112 1240 1189 eit,
1254 1115 1312 1178 ho-

297 1243 377 1288 rum
407 1226 514 1308 potius
548 1227 735 1304 inscientia,
770 1248 873 1311 quam
901 1227 1115 1311 antiquorum
1147 1229 1309 1294 librorum

294 1344 418 1422 ¹menda
434 1344 610 1411 incusanda
629 1359 685 1410 est.
709 1344 782 1410 Non
802 1345 943 1409 melioris
964 1358 1060 1409 notae
1081 1359 1139 1430 est,
1158 1349 1248 1430 quod
1262 1347 1311 1412 iu-

298 1460 348 1564 fra
374 1463 414 1526 nd
440 1464 505 1528 793
532 1465 579 1556 (p.
598 1465 675 1528 102.
701 1467 723 1528 l.
745 1464 798 1546 18)
831 1463 864 1524 iu
888 1460 1014 1564 scholio
1033 1463 1223 1548 ceteroquin
1246 1485 1312 1528 non

297 1572 430 1646 ιιιδοοιο
464 1583 505 1644 ad
536 1581 725 1663 explicanda
758 1580 858 1644 verba
888 1587 973 1662 νᾶμα
997 1579 1185 1655 Πλοὰτωιος
1215 1587 1313 1668 πόρου

298 1697 452 1772 affertur:
477 1701 512 1764 τὸ
532 1705 618 1780 νᾶμα
638 1704 691 1762 τοῦ
715 1703 813 1782 αὸροο
831 1701 883 1761 καὶ
900 1705 954 1762 τοῦ
971 1702 1113 1782 ὁρισμοῦ,
1137 1700 1214 1774 ubi,
1237 1703 1311 1767 coll.

297 1816 338 1882 A.
363 1819 405 1882 ad
428 1817 509 1892 789,
544 1815 581 1880 B.
603 1818 644 1880 ed
673 1817 759 1892 790,
795 1815 944 1882 coniicias
968 1820 1143 1902 legendum
1166 1839 1231 1882 esse
1255 1825 1310 1892 τοῦ

295 1936 371 2020 ὅρον
395 1937 523 2003 καὶτοῦ
546 1937 681 2018 ὁρισμοῦ.
739 1931 803 1998 Sed
826 1935 941 1998 malim
967 1937 1109 2007 credere,
1134 1936 1234 2000 verba
1256 1939 1311 2002 ναὶ

297 2059 352 2118 τοῦ
374 2055 499 2137 ὁρισμοῦ
523 2065 634 2136 postea
656 2055 793 2116 demum
817 2073 881 2118 esse
903 2051 1023 2116 addita.

343 2175 420 2240 714.
444 2171 661 2262 (Aiccrouore
683 2168 867 2257 ῥαχίαισιν.)
886 2169 923 2234 Β.
941 2172 982 2234 ad
999 2171 1077 2237 712.
1091 2170 1224 2252 exponit
1242 2178 1310 2246 ταῖς

296 2297 473 2374 στεναγμόν
503 2314 551 2356 σοι
577 2293 740 2364 ποιούσαις
764 2292 798 2355 ἐν
829 2293 874 2374 τῷ
899 2287 1108 2366 πλανᾶσθαι,
1133 2287 1311 2374 διέρχεσθαι

294 2411 339 2478 δι’
366 2413 484 2484 αὐτῶν.
530 2410 629 2478 Aliud
659 2407 740 2491 quid
770 2427 831 2489 pro
854 2405 1076 2482 ζΑΛΙστὸιιοις
1098 2406 1311 2490 interpretem

296 2528 427 2614 legisse,
452 2539 581 2594 certum
604 2538 662 2598 est.
715 2522 911 2608 suspicabar
936 2526 1178 2600 ’AAAorouota
1204 2525 1311 2615 (ἁλὰισ-

297 2643 384 2731 θαι),
409 2645 582 2708 lectionem
606 2653 795 2725 corruptam
819 2663 858 2705 ex
877 2643 1132 2717 ἈΓΑστὸνοις.
1164 2641 1228 2710 Sed
1249 2646 1313 2712 hoc

295 2777 344 2834 est
364 2762 528 2834 hariolari.
580 2752 746 2835 Portunus
763 2759 834 2832 voci
859 2758 1035 2834 ἁλιστόνοις
1057 2761 1191 2832 obelum
1213 2781 1310 2830 suum

293 2880 463 2970 apposuit,
486 2880 614 2955 minus,
639 2891 739 2965 pute,
764 2891 898 2961 propter
922 2879 1030 2962 ipsum
1055 2881 1135 2950 illud
1158 2880 1309 2956 verbum,
1385 2926 1389 2932 -

293 3000 388 3085 quod
408 2997 482 3064 setis
504 2996 689 3066 defenditur
713 2995 901 3070 nominibus
924 2996 1098 3072 ἁλίκτυποι
1121 3011 1153 3062 et
1177 2997 1309 3085 ἁλίβρο-

296 3142 370 3201 μος,
403 3137 505 3200 quem
538 3113 616 3198 quia
648 3088 783 3198 eoquens
818 3115 1015 3186 vocabulum
1051 3116 1217 3184 incertum
1251 3129 1309 3184 est.

295 3235 381 3302 Nam
412 3232 520 3310 Schol.
550 3229 591 3306 A.
618 3253 679 3315 pro
707 3233 839 3318 vulgata
866 3233 1002 3302 lectione
1027 3237 1120 3304 affert
1148 3235 1308 3315 μὰιισδας,

295 3375 358 3438 pro
380 3373 447 3438 quo
469 3353 546 3421 alios
563 3353 664 3424 refert
686 3351 826 3424 scrihere
849 3376 883 3430 νε
907 3350 1007 3431 πόδας
1026 3351 1124 3440 (non,
1149 3365 1187 3422 ut
1203 3353 1307 3423 Weli,

296 3471 396 3548 dicit,
420 3467 647 3555 μομιὸποδας).
693 3469 797 3538 Aoute
823 3468 1049 3545 Hermaeum.
1075 3491 1175 3554 quem
1197 3469 1309 3552 sequi-

295 3603 352 3662 tur
378 3587 551 3665 Schoem„
575 3587 676 3660 πόδας
702 3588 1001 3670 interpretationem
1029 3609 1095 3651 esse
1118 3568 1211 3671 putat
1235 3607 1307 3654 vno.

295 3715 390 3789 μυῖα,
416 3701 537 3794 (quod,
561 3718 599 3768 ut
622 3703 744 3783 κῶλον,
767 3726 860 3788 caepe
878 3708 948 3773 κατ’
971 3707 1082 3790 ἐξὸχην
1107 3707 1148 3770 de
1173 3704 1308 3788 pedibus

292 3823 455 3898 sumitur,
480 3834 512 3885 et
535 3823 625 3884 hunc
647 3823 682 3884 in
704 3825 840 3886 modum
868 3845 886 3886 a
912 3822 1146 3888 Grammaticis
1169 3822 1309 3904 expliea-

293 3955 361 4018 σοι,
385 3943 428 4006 ef.
452 3939 525 4007 Hes.
549 3961 573 4004 a.
598 3960 647 4014 r„
671 3939 781 4022 ibique
804 3937 925 4025 intpp.)
949 3939 1126 4024 scribitque
1143 3938 1225 4006 ἁλλὰ
1244 3946 1308 4020 μαῖ’

293 4057 396 4133 ἁλιστ.
441 4055 612 4128 Elmsleius
635 4055 762 4126 minore
784 4057 967 4122 mutatione
989 4054 1061 4123 ἁλλ’
1083 4054 1308 4136 discretores?

292 4179 353 4245 ὑπὸ
364 4177 508 4264 Χρίμπτ.
522 4173 655 4262 (Edinb.
666 4173 807 4248 Retiew‚
825 4174 923 4243 1810.
936 4171 994 4240 ΝΟ.
1002 4171 1158 4244 XXXIII.
1170 4195 1203 4257 p.
1215 4170 1308 4258 237).
1376 4245 1379 4252 ,
