3050 5034
764 421 786 484 6
817 400 823 410 .

271 627 351 690 hoec
392 623 615 704 interpretatio
653 623 794 706 pertinet
825 624 867 686 ad
907 621 1079 706 antiquam
1108 624 1282 692 lectionem

271 743 411 824 ἐτάχθη,
445 739 534 822 quod
557 739 705 804 nonnulli
737 757 799 822 pro
834 713 986 825 διετάχθη
1007 741 1149 822 positum
1175 741 1282 806 existi-

270 857 426 932 mabant,
461 869 497 918 ut
521 869 655 938 apparet
676 878 715 920 ex
737 854 846 921 Schol.
871 855 907 920 B.
930 857 966 940 (l.
992 861 1041 943 5):
1076 859 1208 922 ἅπαντα
1231 857 1281 922 δι’·

271 973 361 1040 δοται
383 980 447 1047 τοῖς
470 980 576 1051 θεοῖς,
599 971 684 1036 ὅπλα
706 975 764 1055 μὲν
787 972 905 1057 ”Αρει,
931 972 1099 1056 Ἀρτέμιδι
1122 971 1156 1036 dl
1181 974 1280 1050 τόξα,

140 1111 165 1180 J
271 1087 457 1156 Ἀπόλλωνι
491 1089 525 1156 de'
556 1097 705 1174 μουσική,
742 1113 790 1156 σοι
823 1088 857 1154 δὲ
891 1093 931 1170 ἣν
956 1091 1035 1175 ἔχειν
1064 1089 1199 1174 τέχνην,
1227 1092 1281 1155 καὶ

270 1207 361 1291 ’ἕτερα
392 1207 517 1292 ἑτέροις·
549 1209 585 1270 τὸ
616 1207 650 1272 δὲ
676 1206 851 1294 βασιλεύειν
879 1210 973 1288 μόνος
1002 1210 1118 1281 όΖεθς
1142 1203 1280 1291 ἐκληρώ-

270 1349 357 1392 σατο.
379 1324 435 1406 (cf.
459 1325 588 1391 callim.
610 1325 734 1410 llprnu.
755 1324 789 1390 in
808 1323 881 1389 dor.
902 1325 956 1400 76,
977 1345 1049 1407 sqq.
1063 1323 1136 1390 Hes.
1150 1325 1280 1408 Theop.

270 1445 339 1533 94.)
367 1440 478 1508 Schol.
503 1441 542 1506 A.
568 1445 687 1527 ἐτάχθη
712 1443 751 1506 de
776 1440 864 1504 fatali
888 1438 1075 1503 necessitate
1101 1439 1279 1524 intelligens

269 1561 404 1643 exponit
427 1559 553 1624 δέδοται
576 1564 609 1624 εἰι
630 1561 759 1641 μοιρῶν.
805 1557 952 1640 Denique
974 1553 1083 1624 Schol.
1105 1561 1151 1633 Γ,
1168 1557 1224 1640 qni
1244 1559 1279 1644 (l.

269 1680 310 1752 θ,
328 1676 414 1762 sqq.)
440 1679 524 1740 male
541 1673 624 1757 πλὴν
645 1695 706 1757 pro
729 1675 811 1755 ὅμως
830 1673 955 1738 dictum
977 1687 1090 1755 putat,
1112 1686 1150 1737 ut
1172 1695 1280 1742 seusus

269 1793 327 1858 sit:
353 1792 492 1856 »omnia
514 1793 582 1856 fato
600 1789 860 1866 constituuntur,
892 1792 1076 1854 dummodo
1098 1788 1280 1873 imperium

270 1929 368 1991 penes
402 1910 476 1971 deoc
497 1907 560 1970 sit’'
594 1905 820 1990 (oneratione
841 1919 927 1970 certe
950 1903 1033 1986 πλὴν
1059 1910 1144 1972 θεῶν
1169 1910 1204 1972 τὸ
1229 1931 1279 1984 ιι.,

263 2024 425 2107 scripturn
449 2044 512 2087 esse
535 2020 718 2106 oportebat)
771 2022 875 2086 utitur
894 2022 1000 2100 ,verbo
1022 2025 1156 2105 ὁρίζειν,
1193 2024 1282 2108 quod

268 2147 435 2230 (monente
457 2140 580 2223 Haupt.
600 2163 635 2224 p.
657 2143 735 2215 130,
758 2141 803 2205 cf.
826 2140 943 2205 Aeech,
965 2162 1018 2222 ap.
1042 2139 1161 2204 Athea.
1175 2163 1208 2222 p.
1226 2143 1278 2207 ll.

269 2255 324 2337 D.)
359 2259 434 2324 alibi
458 2259 499 2322 ab
523 2262 636 2324 eodem
663 2279 722 2340 per
748 2263 870 2322 τάσσειν
894 2257 1079 2339 exponitur.
1125 2257 1278 2336 Accedit,
1338 2281 1341 2285 ·

268 2379 357 2460 quod
380 2382 501 2440 τάσσειν
522 2390 555 2438 et
574 2381 720 2459 πράσσειν
741 2375 775 2438 in
798 2372 890 2440 MSS.
912 2376 1044 2438 confusa
1057 2375 1279 2441 inveniuntur.

269 2494 312 2558 cf.
335 2490 446 2574 Steplr.
468 2491 563 2556 Thes.
586 2513 616 2573 p.
639 2491 747 2566 9053,
771 2492 820 2556 ed.
843 2491 946 2556 Lond.
972 2489 1134 2574 Quocirca
1152 2505 1280 2558 certum

268 2631 369 2693 paene
410 2622 491 2690 puto
527 2611 670 2704 ἐπράχθη
702 2629 763 2690 pro
794 2610 916 2693 ἐτάχθη
945 2608 1159 2676 substitutum
1195 2630 1278 2684 esse,

267 2731 443 2810 locumque
464 2725 641 2808 antiquitus
665 2725 711 2790 sic
732 2725 826 2790 fuisse
846 2725 1023 2807 scripturn:

424 2845 542 2907 ἅπαντ’
566 2845 687 2928 ἐτάχθη
711 2841 794 2922 πλὴν
818 2849 919 2908 θεοῖσι
945 2850 1111 2926 κοιρανεῖν.

268 2966 403 3025 Τάσσειν
424 2961 488 3024 τινί
506 2985 536 3022 τι
556 2959 715 3045 significat
735 2983 775 3024 en
796 2959 915 3027 ordine
926 2959 1027 3036 dore,
1045 2959 1228 3036 concedere,
1241 2946 1278 3032 ut
1366 2957 1375 2972 ‘

268 3079 356 3160 apud
377 3077 568 3154 Pindarum,
588 3073 641 3142 Ol.
663 3076 705 3140 II.
727 3077 786 3152 28,
807 3099 855 3160 eq.
877 3074 1000 3156 λέγοντι
1018 3079 1125 3163 βίοτον
1135 3082 1278 3158 ἄφθιτον

269 3199 354 3262 Ἰνοῖ
373 3199 536 3280 τετάχθαι.
581 3191 654 3257 Non
677 3205 787 3258 autem
805 3195 845 3259 de
867 3193 972 3261 Parcis
991 3196 1056 3260 hoc
1076 3195 1202 3261 dictum
1225 3195 1278 3261 vi·

267 3316 375 3389 detur,
393 3317 448 3378 sed
468 3317 508 3377 de
528 3312 607 3378 Jove
630 3334 768 3379 munera
789 3327 821 3376 et
842 3315 981 3380 honores
1001 3314 1059 3380 diis
1071 3311 1277 3379 distribuenti

270 3432 327 3518 (cf.
344 3426 475 3507 autc),
500 3451 602 3514 quare
621 3431 664 3496 dii
689 3433 752 3498 hoc
780 3434 854 3496 loco
873 3431 1099 3516 intelliguntur
1116 3428 1201 3496 lovis
1214 3430 1276 3496 im-

263 3549 359 3630 perio
380 3549 528 3614 subiecti.
575 3550 678 3614 Θεοῖσι
694 3561 741 3612 est
766 3549 891 3616 dativus
916 3551 1057 3630 pendens
1078 3546 1119 3610 eb
1145 3550 1275 3632 ἐτάχθη,

266 3664 379 3730 Simile
399 3665 568 3748 hyperbati
589 3668 778 3746 exemplum
799 3668 893 3732 all'ert
912 3664 1045 3732 Schutz.
1060 3665 1140 3730 Eur.
1154 3667 1275 3749 fragm.

266 3781 332 3846 inc.
356 3778 442 3846 CIV.
467 3780 627 3866 (Theoph.
652 3783 693 3844 ad
714 3781 864 3866 Autolyc.
885 3786 908 3846 l.
930 3781 973 3846 ΙΙ.
997 3803 1028 3864 p.
1050 3784 1126 3848 353.
1145 3780 1199 3867 G.)
1220 3783 1276 3849 οὐκ

268 3899 352 3964 ἔστιν
373 3895 465 3961 οὐδὲν
488 3900 577 3981 χωρὶς
600 3899 784 3982 ἀνθρώποις
804 3903 890 3964 θεοῦ.
939 3896 990 3964 Cf.
1013 3899 1100 3966 idern
1114 3921 1166 3981 ap.
1181 3897 1273 3972 Stob,

267 4013 339 4080 Ecl.
360 4013 452 4098 Phys.
476 4012 501 4078 l.
522 4035 553 4096 p.
569 4015 629 4090 36,
653 4017 690 4080 17
705 4011 866 4093 (Heeren).
891 4013 996 4100 [gitur
1009 4017 1201 4084 vertendum
1215 4027 1275 4088 est:
