2988 5020
779 413 822 475 90

290 616 325 678 in
348 617 485 702 vulgatis
509 593 737 680 testimonium
763 615 993 702 grammatici,
1025 617 1082 702 qui
1112 619 1197 684 solus
1229 617 1317 684 inter

294 733 459 816 antiquos,
484 753 565 816 quos
582 734 751 809 norimus,
776 754 891 800 verum
906 733 1006 798 sidit:
1030 735 1070 798 de
1080 755 1149 818 qne
1161 737 1315 818 pluribus

295 870 477 932 exponere,
498 870 565 914 non
587 862 635 914 est
652 849 752 914 huins
769 851 844 916 loci.
869 849 915 916 Ut
928 851 1007 914 illuc
1023 853 1171 938 redeam,
1189 854 1224 916 in
1242 873 1314 918 ter-

297 968 346 1032 bis
371 967 482 1032 Sobel.
509 967 558 1032 ·A.
593 969 635 1030 ad
668 968 756 1043 221,
793 970 816 1032 1.
848 969 909 1034 ult.
934 979 1073 1052 uterque
1096 968 1189 1034 Voss.
1215 969 1315 1034 habet

301 1082 445 1167 εὔκηλος,
470 1084 556 1146 unde
576 1081 725 1148 coniicias
742 1083 852 1166 inepta
871 1084 926 1148 illa
951 1085 993 1148 de
1018 1099 1127 1149 metro
1150 1107 1169 1150 a
1189 1086 1314 1150 diversa

301 1221 365 1266 esse
391 1220 508 1274 manu,
541 1212 574 1263 et
593 1196 810 1281 interpretem
836 1200 893 1283 qui
916 1199 1159 1265 annotationem
1184 1204 1225 1265 ad
1248 1203 1309 1263 221

297 1314 447 1400 scripsit,
481 1317 591 1403 legisse
616 1316 753 1400 εὔκηλος.
799 1314 863 1382 Sed
893 1318 937 1382 cf.
962 1315 1076 1380 Herm.
1100 1318 1141 1380 ad
1173 1317 1313 1382 Philoct.

302 1435 386 1510 769,
415 1431 537 1517 Spanh.
559 1436 655 1500 adh.
679 1437 702 1499 la
726 1455 778 1518 ap.
802 1432 924 1515 Haupt.
949 1454 983 1515 p.
1009 1434 1086 1498 205.

295 1565 299 1574 ’
344 1549 452 1614 Schol.
477 1550 518 1614 A.
542 1551 584 1614 ad
607 1550 684 1614 224.
707 1551 752 1616 010
772 1545 982 1635 corrigendus
1004 1549 1311 1635 001ιόχορόςπόλιν

300 1666 449 1733 ἀνελθεῖν
475 1671 519 1740 εἷς
547 1669 582 1730 τό
607 1675 706 1752 τεῖχος
730 1674 785 1747 τῆς
805 1663 921 1740 πόλεως
941 1668 1025 1750 φησί.
1069 1671 1216 1742 Nemori,
1240 1670 1311 1732 rell.

298 1784 434 1848 Chorus
469 1785 599 1847 iterum
636 1784 691 1869 (cf.
716 1804 747 1847 v.
774 1781 981 1866 1931011011,
1010 1805 1045 1846 00
1065 1787 1205 1848 venisse.
1252 1783 1310 1848 Se-

297 1901 411 1985 quitur
432 1900 581 1982 deinceps
605 1899 787 1982 explicatio.

342 2019 420 2083 224.
453 2017 709 2102 Τετραμμὲνονς,
744 2017 784 2081 Α.
819 2019 860 2081 ad
889 2018 954 2081 227
991 2016 1241 2106 (ἡττημένους),
1276 2031 1307 2082 et

294 2157 363 2202 rar.
390 2138 466 2200 lect.
488 2157 539 2218 ap.
566 2133 678 2201 Faehs.
702 2131 737 2217 pL
761 2136 824 2210 93,
857 2135 946 2218 quod
970 2137 1103 2220 vulgato
1127 2156 1195 2201 non
1216 2155 1308 2218 prae-

297 2256 481 2319 ferendum.
526 2253 584 2317 Vs.
609 2255 686 2318 226.
712 2258 818 2336 φόνῳ,
841 2251 951 2320 Schol.
972 2251 1008 2330 B,
1032 2253 1122 2318 cuius
1146 2255 1310 2348 annotatio

299 2371 353 2457 (ad
378 2367 456 2453 229)
481 2369 527 2433 sic
551 2381 597 2433 est
619 2371 827 2454 corrigenda:
862 2369 934 2436 δέον
959 2372 1061 2434 οὕτω
1082 2375 1200 2450 εἰπεῖν,
1228 2376 1309 2437 roel-

296 2511 350 2568 τῳ
373 2479 459 2549 εἶπεν
477 2489 552 2569 πρὸς
577 2490 611 2548 τό
636 2491 744 2568 φόνῳ
765 2519 821 2551 -.
844 2486 899 2550 Ἢ
912 2492 953 2568 μὴ
972 2492 1108 2554 alsam
1130 2493 1166 2552 τὸ
1188 2493 1311 2572 τούτῳ

297 2607 374 2686 πρὸς
394 2607 429 2667 τὸ
453 2607 574 2685 φόνφ,
597 2600 666 2666 ell’
692 2605 772 2667 οὕτω
795 2602 875 2682 λέγε·
899 2607 934 2669 ἐν
957 2608 1060 2688 τούτῳ
1076 2610 1135 2690 γὰρ
1149 2611 1191 2690 τῳ
1211 2619 1310 2672 soavi

298 2729 397 2786 τοῖσιν
434 2719 620 2804 ἁρπαλίζειν
644 2725 788 2808 βόσκεται
811 2721 977 2805 όῙἈφης,
1003 2725 1036 2788 ἐν
1059 2728 1103 2807 τῷ
1134 2727 1221 2808 φόνφ
1245 2727 1309 2788 τῶν

168 2883 174 2892 .
299 2839 430 2924 βροτῶν.
476 2837 621 2902 Fortasse
656 2851 767 2902 tamen
800 2838 853 2900 hio
877 2838 1052 2922 legendum
1082 2843 1181 2926 φόβῳ.
1225 2839 1309 2906 Nam

298 2955 323 3018 si
358 2958 458 3037 τοότφ
489 2953 648 3038 significat
677 2958 712 3020 τό
754 2961 938 3020 κωκυτοῖσιν
976 2955 1189 3041 ἀρπαλίζειν,
1225 2962 1310 3040 φόνῳ

298 3071 394 3136 huius
423 3069 602 3155 epexegesis
627 3091 691 3134 esse
716 3071 842 3154 nequit.
890 3072 982 3136 Alter
1002 3091 1133 3164 quoque
1153 3073 1310 3156 interpres

297 3187 399 3254 habet
417 3184 521 3276 φόβῳ,
545 3188 634 3270 quod
646 3186 858 3257 Wellauerua
874 3189 1088 3253 necessarium
1105 3204 1219 3273 putat,
1235 3191 1310 3272 quia

298 3304 489 3388 respiciatur
524 3307 565 3369 ad
585 3305 797 3369 formidinem
822 3303 935 3382 chori,
967 3307 1007 3369 de
1032 3328 1097 3390 qua
1120 3306 1154 3370 in
1175 3327 1309 3389 praece-

298 3421 449 3488 dentibus
465 3443 523 3485 rex
547 3423 675 3487 loeutus
698 3436 792 3500 esset3
816 3425 870 3488 sed
891 3423 1060 3505 praecessit
1083 3425 1162 3488 item
1187 3425 1309 3488 mentio

299 3523 414 3614 caedis.
449 3538 578 3604 Maioris
600 3540 761 3604 momenti
784 3553 841 3616 est,
866 3545 966 3624 τοότῳ
988 3553 1062 3604 ante
1086 3562 1202 3608 vocem
1224 3546 1310 3624 φόνῳ

297 3658 471 3741 languere3
500 3653 676 3718 sufficiebat
701 3655 789 3718 enim
814 3655 927 3720 dixisse
949 3664 992 3742 τῷ
1018 3661 1103 3738 φόνῳ
1133 3661 1182 3724 tel
1214 3663 1331 3740 φόνφ.’

299 3771 414 3853 Itaque
437 3767 649 3833 scribendum
673 3772 771 3855 φόβῳ,
797 3774 887 3854 quod
909 3773 962 3836 hic
981 3774 1139 3858 significat
1160 3773 1201 3838 td
1221 3775 1312 3861 quod

299 3888 472 3952 melitites·
502 3884 523 3950 i.
552 3905 580 3948 e.
616 3887 844 3971 ipsarpuqaa.
891 3886 1048 3954 Similiter
1073 3890 1163 3971 δεῖμα
1185 3893 1308 3974 saepis·

299 4005 381 4070 sime
402 4003 594 4080 terricola,
617 4001 834 4088 quodcunque
856 4014 1023 4072 terrorem
1044 4009 1191 4088 tniieit3
1215 4009 1329 4094 ἐ’ρω,·,·
