2988 5020
744 363 787 426 68

254 568 455 642 cavendum,
479 587 520 630 ne
544 567 631 630 idem
652 517 840 653 in-tragicie
857 569 983 632 lactum
1008 587 1072 630 esse
1093 578 1265 649 potamum

252 704 331 746 narn
359 685 473 784 eadem
505 683 595 770 signa
619 683 654 746 in
678 683 745 748 aliis
768 682 978 765 scriptoribus
1002 683 1089 748 aliud
1105 683 1267 770 siguifica-

253 799 346 864 bant.
393 798 447 866 Cf.
470 797 639 867 Villoisou.
671 800 822 887 Prolegp.
852 803 893 866 ad
914 798 1042 866 Scholia
1066 801 1207 876 Veneta,
1232 821 1266 883 p.

254 916 350 994 LIX,
392 931 425 982 et
453 917 627 1001 liepbaest.
664 918 769 982 Encb.
805 939 839 1001 p.
873 920 928 983 74.
963 915 1099 1006 (Pauw.)
1140 918 1264 982 ibidem

253 1035 359 1112 laud.;
395 1035 502 1117 potius
535 1056 647 1100 omnes
679 1035 882 1121 tragicorum
915 1028 1053 1106 uersus,
1066 1035 1123 1120 qui
1146 1055 1265 1118 quam·-

254 1171 384 1236 cuuque
408 1155 540 1218 tandem
571 1153 614 1216 ob
646 1173 776 1218 causam
800 1151 1029 1216 memorabiles
1048 1151 1264 1231 uidebantur,

252 1267 297 1332 sic
327 1270 433 1334 notari
453 1269 612 1334 solebant.
638 1269 752 1334 Herm.
783 1267 1061 1344 ad.Ant.1151,
1088 1265 1198 1334 Schol
1225 1271 1265 1334 ad

253 1385 341 1450 Med.
371 1388 470 1451 1343.
499 1389 550 1451 ὅτι
585 1387 673 1452 δοκεῖ
700 1391 756 1452 τὸν
788 1388 894 1472 στίχον
917 1389 1028 1453 τοῦτον
1049 1386 1146 1452 sinclis
1166 1387 1265 1470 Εὐρι-

253 1502 347 1587 πίδης
371 1502 599 1592 ἐκβεβλῆσθαι,
636 1503 758 1568 διὸκαὶ
783 1505 954 1588 κεχίασται.
1000 1503 1115 1586 ltaque
1139 1515 1266 1586 poterat

253 1622 385 1705 quidem
418 1647 436 1707 χ
469 1622 612 1686 versibus
643 1622 779 1703 apponi,
811 1621 867 1705 qui
890 1622 1028 1704 suspecti
1049 1621 1264 1696 ridebantur,

253 1757 321 1802 non
350 1750 461 1802 tamen
487 1713 641 1804 continuo
660 1739 829 1822 sequitur,
853 1739 910 1801 ubi
932 1765 951 1825 χ
973 1739 1173 1814 invenimur,
1193 1757 1265 1803 uer-

253 1875 327 1920 sum
362 1854 514 1939 spurium
547 1877 566 1920 a
598 1856 819 1941 grammaticis
850 1877 913 1920 esse
939 1857 1140 1929 iudicatum,
1172 1856 1264 1920 vide-

252 1985 373 2058 turque
409 1974 543 2038 omuino
574 1975 661 2066 aliud
689 1987 722 2038 et
746 1974 907 2057 peculiare
929 1974 1060 2060 signum
1079 1979 1134 2056 τῆς
1152 1975 1265 2054 dustria

255 2114 340 2168 osso3,
371 2094 504 2158 fortasse
525 2092 655 2166 obelus,
676 2092 794 2172 fuisse,
826 2113 904 2158 nam
922 2093 948 2156 si
961 2092 1084 2156 notatio
1106 2103 1175 2154 tam
1196 2111 1265 2156 am·

251 2210 352 2296 higna
376 2211 504 2286 fuisset,
528 2231 615 2286 non,
638 2223 675 2286 ut
698 2231 788 2277 nuuc
809 2211 866 2284 lit,
889 2209 957 2274 sine
979 2212 1046 2274 ulla
1062 2207 1266 2274 dubitatione

253 2327 447 2408 interpretes
474 2327 661 2390 ἀθετεῖσθαι
689 2329 795 2412 στίχον
828 2327 1020 2392 retulissent.
1053 2322 1130 2390 Vid.
1156 2323 1264 2390 Schol.

254 2441 313 2507 Or.
333 2444 422 2518 629,
454 2443 552 2507 Rhea.
573 2445 635 2518 41,
667 2440 726 2508 Or.
752 2445 854 2520 1352,
888 2440 1041 2518 Richter,
1064 2445 1088 2508 l.
1110 2445 1133 2507 l.
1155 2465 1189 2525 p.
1208 2445 1264 2506 31.

254 2555 480 2626 Alexandrinis
509 2560 731 2644 grammaticis
755 2563 791 2626 τὸ
816 2588 835 2648 χ
857 2560 985 2634 deberi,
1018 2573 1105 2624 recte
1126 2573 1266 2624 statuere

254 2665 382 2744 uidetur
405 2678 532 2752 Wolff,
556 2679 578 2742 L
600 2680 624 2744 l.
648 2700 682 2761 p.
707 2679 749 2744 27
761 2700 769 2756 ;
793 2682 834 2743 de
857 2679 923 2742 eius
940 2678 1065 2764 origine
1083 2682 1127 2744 cl.
1153 2679 1265 2766 Etym.

255 2795 342 2860 Gud.
366 2817 397 2858 v.
420 2791 589 2881 κίβδηλος,
614 2817 646 2878 p.
668 2797 747 2861 321.
777 2800 829 2861 17.
874 2795 937 2861 Sed
961 2809 998 2860 ut
1018 2798 1096 2860 illuc
1115 2799 1265 2872 raleam',

254 2911 413 2978 Stanleius
433 2914 467 2976 h.
488 2915 511 2976 l.
532 2933 633 2998 nonp
655 2915 767 3000 sedus
794 2915 814 2978 i.
841 2937 869 2980 e.
893 2918 1024 3001 χρηστὸν
1043 2915 1109 2980 sive
1121 2907 1267 3002 χρήσιμον

254 3031 438 3114 appositum
471 3028 565 3092 fuisse
593 3030 795 3112 suspicatur3
830 3033 886 3096 sed
913 3032 1040 3108 nescio,
1077 3054 1135 3096 cur
1165 3034 1267 3096 fidem

254 3169 410 3234 negemus
441 3144 646 3224 scholiastae,
677 3149 816 3212 tradenti
842 3145 932 3213 hunc
958 3153 1067 3215 locum
1096 3163 1268 3233 propterea

254 3264 504 3328 memorabilem
537 3266 642 3330 visum
663 3287 744 3342 esse,
769 3266 845 3350 quia
864 3265 1038 3331 discrimen
1059 3271 1114 3332 τοῦ
1137 3270 1267 3351 στρατοῦ

255 3395 287 3448 et
308 3382 520 3466 στρατοπέδου
541 3383 621 3448 hinc
642 3385 728 3448 clare
752 3383 889 3467 perspici
912 3397 1027 3467 posset.
1158 3473 1159 3478 γ

299 3505 362 3576 81,
397 3523 469 3592 sqp.
501 3500 598 3564 Plura
629 3505 669 3566 ad
697 3504 786 3569 huno
821 3505 933 3567 locum
963 3502 998 3565 in
1029 3515 1170 3587 utroque
1185 3501 1268 3567 Vos·

254 3619 343 3681 aiano
368 3601 651 3691 exstant'scholia,
687 3639 770 3702 quae
794 3640 996 3703 quamquam
1018 3620 1058 3682 ad
1079 3619 1179 3685 uerba
1196 3639 1267 3684 cor-

253 3745 353 3816 rupta
374 3734 575 3796 emendanda
597 3753 664 3797 non
684 3735 861 3812 sufficiunt,
897 3751 1007 3800 tantan
1021 3739 1159 3803 ,fortasse
1179 3738 1266 3802 uiam

255 3852 296 3916 ad
320 3871 435 3914 rerum
456 3837 689 3914 inveniendum
712 3865 895 3917 monstrare
919 3866 1085 3936 poterunt.

299 3967 324 4032 1.
350 3964 457 4032 Sohol.
480 3965 570 4034 Voss.
595 3970 626 4031 2.
651 3973 750 4052 σαφὴς
773 3968 820 4056 δὲ]
849 3970 989 4049 στατέον
1013 3976 1054 4046 εἰς
1078 3976 1113 4037 τὸ
1137 3972 1198 4049 δὲ,
1225 3975 1267 4046 ὥς
