2988 5020
714 425 758 437 Ἀ

637 659 639 666 ,
686 593 780 659 Vlll.

167 799 172 815 „
234 885 238 892 .
269 830 396 895 Horatii
418 829 532 895 Carm.
552 801 597 894 Il.
621 831 671 894 16.
696 830 758 904 18,
781 851 829 913 sq.
852 831 1047 914 legendumz
1073 831 1152 913 quid
1175 844 1237 892 ter-

225 969 276 1011 ras
301 949 363 1012 alio
388 951 525 1012 calentes
551 945 624 1011 Sole
649 957 815 1010 mutamus
844 949 998 1032 patrio?
1045 945 1124 1030 Quis
1151 950 1241 1012 exsul

227 1087 258 1128 se
284 1071 415 1150 quoque
442 1065 574 1152 sugitl’'

710 1298 769 1362 IX.

272 1533 387 1597 Suidae
411 1537 499 1598 locus
520 1535 568 1620 (v.
593 1533 777 1615 Σοφοκλῆς,
814 1530 990 1616 Σοφίλοο);
1016 1537 1069 1596 καὶ
1093 1533 1186 1606 αὐτὸς
1213 1532 1246 1620 (ό

228 1650 406 1736 Σοφοκλῆς)
443 1646 513 1735 ἦρξε
547 1655 601 1716 τοῦ
635 1651 737 1735 δρᾶμα
770 1654 845 1732 πρὸς
879 1649 981 1734 δρᾶμα
1013 1651 1242 1729 ἀγωνίζεσθαι,

227 1766 309 1832 ἀλλὰ
333 1759 374 1851 μὴ
401 1767 607 1854 τετραλογίαν
645 1790 720 1834 cum
754 1753 921 1832 Boeckhio
954 1767 1047 1854 (rad.
1073 1768 1181 1832 lectt.
1205 1771 1245 1832 iat

230 1885 330 1948 Unio.
368 1885 486 1954 Berol.
514 1909 530 1948 a
560 1887 792 1960 1841-1842,
825 1907 859 1966 p.
887 1883 922 1970 9)
948 1885 992 1948 sic
1017 1886 1244 1970 intelligendus

229 2016 293 2078 est,
330 2017 367 2066 ut
398 2001 573 2084 Sophocles
597 2002 725 2066 dicatur
750 2001 877 2082 primus
902 2001 1072 2065 instituisse
1096 2003 1243 2065 fabulam

229 2121 358 2190 fabulae
390 2141 574 2203 opponere,
606 2140 673 2184 non
710 2119 886 2205 tetralogiis
910 2118 975 2182 sive
1001 2118 1245 2202 quadripartitis

236 2236 408 2300 didascaliis
433 2247 568 2328 certare.

715 2470 757 2532 X.

275 2702 421 2768 Coloniae
442 2700 671 2786 antiquissimis
693 2703 895 2784 temporibus
918 2723 935 2764 e
953 2701 1113 2766 Phoenice
1138 2714 1170 2765 et
1183 2703 1245 2767 Ae-

230 2833 332 2905 gypto
364 2820 397 2882 in
423 2818 594 2883 Graeciam
623 2819 775 2882 deductas
799 2839 886 2895 esse,
920 2819 993 2882 satis
1016 2819 1120 2882 firmis
1143 2841 1246 2905 argu-

139 2958 140 2961 *
230 2937 348 3000 mentis
374 2937 407 2999 in
430 2935 569 3000 dubium
599 2935 706 3000 vocari
729 2937 854 3020 nequit.

712 3170 770 3234 XI.

274 3400 360 3466 Vere
382 3400 523 3466 Velleius
549 3401 736 3466 Paterculus
757 3406 777 3466 l.
804 3401 846 3467 ΙΙ.
874 3404 964 3468 init:
989 3404 1156 3469 Potentiae
1177 3373 1244 3470 Ro-

231 3540 347 3582 manae
378 3520 468 3600 prior
499 3518 607 3600 Scipio
636 3519 722 3582 viam
744 3533 937 3602 aperuerat,
972 3522 1119 3586 luxuriae
1140 3535 1245 3604 poste·

232 3633 299 3699 rior
326 3637 469 3718 aperuit;
508 3639 628 3720 quippe
663 3650 791 3701 remoto
824 3636 1027 3723 Carthaginis
1058 3652 1244 3708 metu...

231 3773 299 3815 non
331 3755 436 3837 gradu
470 3757 525 3817 sed
562 3753 730 3836 praecipiti
755 3775 851 3818 cursu
874 3777 893 3818 a
917 3755 1038 3820 virtute
1061 3757 1243 3831 descitum,

144 3899 146 3904 ·
233 3870 274 3931 ad
298 3868 374 3931 vitia
400 3873 656 3933 transcursum.'’
