2988 5020
781 379 824 444 94

281 581 459 650 structione
470 557 591 650 horuru
606 603 759 650 versuum
772 585 872 650 haesit
892 583 958 648 iam
971 580 1131 663 Sch01.A,
1150 585 1298 680 quicum,

281 702 371 784 quod
392 703 433 765 ad
456 701 555 766 verba
569 703 624 768 τὸν
644 700 747 784 μέγαν
767 701 899 786 τρόπον,
922 703 1136 766 conferendus
1157 715 1205 768 est
1217 704 1299 792 aiter

281 817 456 901 interpres3
479 837 622 904 quorum
646 818 839 884 sententiam
860 839 927 883 non
942 813 1296 904 vereornequisquam

280 934 322 998 sit
332 933 539 1016 probaturus.
561 938 627 1001 Τὸν
639 933 740 1016 μέγαν
753 939 879 1020 τρόπον,
892 936 1096 1022 iungendum
1108 955 1185 1000 oum
1198 936 1296 1029 ἀνννμ

282 1051 395 1134 ρέτας,
414 1051 563 1116 similiter
571 1051 699 1118 dietum
708 1065 767 1128 est,
780 1066 817 1117 ut
830 1053 917 1117 infra
931 1053 1006 1118 447.
1032 1055 1253 1138 ἐσχημάτισται
1266 1051 1295 1116 δ’

280 1168 374 1242 dorth·
386 1169 423 1234 οὐ
432 1171 559 1254 σμικρὸν
571 1171 704 1255 τρόπον,
727 1169 803 1234 445.
818 1171 905 1252 φιμοὶ
920 1168 954 1234 δὲ
966 1170 1122 1255 συρίζουσι
1135 1172 1294 1256 βάρβαρον

280 1288 408 1369 τρόπον.
423 1285 587 1350 Articulus
606 1285 663 1352 hio
673 1285 836 1364 adiicitur,
859 1285 936 1370 quia
952 1286 1126 1371 ἀντηρέτας
1141 1305 1207 1348 non
1219 1305 1295 1368 pro-

280 1400 354 1484 prio
371 1423 465 1466 sensu
482 1402 633 1490 intelligit
649 1408 762 1486 potita,
774 1402 1034 1468 sedadversarios
1046 1401 1080 1466 in
1092 1401 1197 1479 bello,
1208 1402 1296 1485 quod

281 1517 360 1582 dicit
380 1521 435 1585 τὸν
451 1515 552 1600 μέγαν
571 1524 703 1605 τρόπον,
727 1519 749 1585 r'.
771 1541 799 1585 e.
822 1522 878 1585 τὸν
901 1517 1015 1585 δεινόν.
1039 1517 1129 1583 Pers.
1153 1517 1294 1600 711425-
1363 1519 1368 1532 ¹

281 1659 340 1714 μοις
361 1659 410 1709 τις
432 1632 511 1715 ἦλθε
534 1636 675 1719 δαίμων,
700 1635 848 1718 Choeph.
875 1638 953 1701 475.
976 1635 1102 1702 τοιάνδε
1122 1656 1177 1700 σου
1191 1637 1295 1720 χρείαν

281 1751 359 1837 ἕχον,
384 1756 526 1832 Φυγεῒν,
548 1752 650 1834 μέγαν
675 1754 1032 1839 προςθεῒσοινΑέμίσόιρ
1056 1749 1200 1840 (μόρον),
1223 1753 1292 1826 vel,

281 1871 370 1953 quod
383 1891 459 1934 oum
470 1869 643 1935 Klausenio
654 1893 755 1954 paene
767 1874 963 1955 praeferam,
978 1868 1114 1959 (βόλον).
1130 1869 1294 1940 Ctvven.

279 1988 321 2052 ad
345 1987 440 2052 illum
466 1990 597 2065 looum,
619 1988 786 2059 Wunder.
811 1991 851 2052 ad
874 1985 977 2071 Soph.
999 1987 1052 2054 Αἰ.
1076 1989 1150 2064 172,
1173 1988 1251 2052 944.

325 2103 403 2168 272.
427 2085 501 2170 Pon
524 2105 770 2171 annotationem
801 2105 843 2168 nu
876 2105 954 2168 276.
985 2103 1077 2170 Voss.
1103 2106 1134 2170 1.
1158 2107 1213 2170 nun
1234 2103 1295 2185 ομ.

280 2228 403 2308 φιτειχῆ
426 2221 523 2299 λεὼν,
546 2229 616 2306 ἤτοι
636 2226 702 2289 τῶν
726 2221 949 2307 ἀμφοτέρωθεν
972 2219 1293 2316 &nequivi-uvir.

279 2337 410 2402 Plenius
443 2338 570 2403 dixisset
604 2343 717 2427 τάρβος
752 2341 808 2417 τὸν
835 2345 971 2422 -ἤτοι
1004 2343 1118 2427 τάρβος
1152 2341 1218 2404 τῶν
1238 2373 1292 2414 -.

279 2453 371 2520 Voss.
405 2455 437 2518 2.
462 2455 496 2518 αἱ
529 2456 665 2534 γείτονες
698 2456 732 2521 δέ
766 2463 821 2538 τῆς
853 2457 984 2542 καρδίας
1018 2457 1165 2543 μέριμναι
1196 2458 1293 2542 φόβον

280 2571 454 2636 ἀνάπτουσι
477 2574 541 2638 τῶν
564 2572 644 2654 ἀμφὶ
667 2581 765 2659 τειχεῒ
786 2571 857 2662 (sio)
881 2574 972 2641 λεών.
1016 2573 1162 2639 Fortasse
1183 2576 1292 2659 legen·

279 2689 360 2752 dum
385 2690 441 2754 τὸν
464 2689 629 2776 ἀμφιτειχῆ
652 2689 750 2767 λεών,
777 2699 814 2754 ut
833 2703 984 2757 accentus
1003 2690 1037 2754 in
1059 2697 1157 2775 τιιχεῖ
1171 2690 1291 2754 suadet.

191 2809 198 2826 ’
280 2803 329 2866 De
343 2805 531 2868 accusativo
554 2808 597 2870 oi.
623 2805 726 2875 Well.

324 2921 402 2986 273.
426 2919 533 2986 Schol.
553 2923 643 2990 Voss.
668 2923 768 3008 ὥςπερ
792 2922 827 2988 δέ
850 2946 898 2997 τις
909 2919 938 3006 ¹)
963 2926 1143 3005 πάντροφος
1165 2919 1290 2993 πελειὰς

280 3038 401 3104 δέδοικε
434 3041 490 3106 τὸν
514 3037 671 3124 δράκοντα
693 3043 772 3125 ὑπὲρ
795 3043 860 3107 τῶν
884 3044 997 3120 ἑαυτῆς
1020 3038 1151 3106 τέκνων.
1175 3046 1198 3121 ἡ
1219 3037 1293 3111 duo·
1394 3111 1397 3115 ,

280 3163 444 3242 ευνήτειροι
474 3159 539 3224 τῶν
569 3156 684 3246 λεχέων
707 3154 759 3242 ²),
791 3163 860 3239 ἤτοι
892 3163 914 3238 ἡ
937 3155 990 3220 διὰ
1023 3151 1093 3243 (τὸν
1127 3152 1239 3242 φόβον)
1262 3153 1293 3238 3)

280 3273 345 3337 τῶν
378 3278 489 3354 ἑαυτῆς
522 3278 655 3342 νεοσσῶν
698 3273 944 3372 προςκοιόημένη
985 3279 1026 3357 τῇ
1065 3270 1161 3352 κοιλίᾳ
1199 3273 1294 3352 edric

281 3388 320 3472 (l.
350 3388 471 3476 αὐτῶν)
503 3395 677 3476 ἄγρυπνον.
721 3399 909 3477 Πάυτροιρος
943 3389 977 3454 δέ
1010 3395 1033 3471 ἡ
1066 3387 1217 3472 διηνεκῶς
1245 3389 1294 3451 ἐν·

284 3583 505 3599 m

313 3714 337 3778 l)
353 3715 425 3765 Voss.
444 3719 467 3764 1.
485 3709 531 3768 ὄπι
549 3716 719 3782 (depravatum
736 3733 765 3768 ex
782 3713 816 3782 ὥς
836 3721 891 3785 τις)
910 3714 960 3770 urei
980 3709 1071 3784 ὥσπερ
1090 3711 1113 3776 it.
1201 3699 1204 3706 ⁴

310 3816 336 3880 2)
353 3816 425 3868 Voss.
443 3820 465 3867 1.
483 3815 624 3887 τειχέων,
643 3824 790 3885 corruptum
806 3837 836 3870 ox
853 3816 965 3874 πέκυιον.

310 3917 336 3980 3)
354 3915 402 3974 σόν
422 3913 513 3990 Φόβον
534 3922 633 3980 addidi;
661 3924 687 3971 in
713 3923 781 3972 Voss.
808 3926 830 3973 l.
855 3923 942 3972 literae
960 3928 1072 3992 tempore
1089 3923 1186 3974 deletae
1202 3926 1289 3974 erant=

278 4021 349 4072 Voss.
366 4026 390 4072 8.
408 4041 456 4075 om.
474 4020 489 4087 t
509 4017 652 4090 Συςνδιοί.
