3050 5034
769 545 820 613 σῃ

279 749 386 821 'cunda
406 756 553 821 videtur:
577 761 598 839 ἦ
617 747 740 840 πήμονὴ
757 749 814 830 ἐὰν
832 753 931 828 αὐτὰς·
950 749 1074 827 πλάνας
1093 748 1296 839 πλανωμίνη,

276 871 398 939 ἄλλοτε
423 877 500 960 πρὸς
523 871 625 940 ἄλλον
649 872 798 960 ἐρχομένη
821 871 1017 957 uccericium
1040 889 1167 936 seusus:
1194 891 1300 958 usqtss

277 979 444 1058 omnibus
468 993 582 1056 instat
606 981 785 1056 minuo.
809 987 861 1056 Gi.
885 987 1035 1069 Kiihner,
1059 991 1078 1074 §
1099 989 1177 1054 stu.
1212 991 1300 1074 Πρὸς

274 1106 394 1173 ἄλλοτ’
418 1099 508 1194 ἄλλα)
529 1111 650 1194 euocat.
671 1106 946 1192 est'sirupliciter:
970 1103 1047 1170 allas
1069 1105 1123 1170 alii
1146 1104 1273 1171 assidet.

274 1215 297 1262 .·
328 1227 407 1293 302.
431 1225 570 1292 Lemma
588 1219 697 1292 Schol.
722 1225 760 1292 Β.
779 1221 807 1308 ἦ
819 1226 937 1310 θεωρὸς
957 1227 1054 1310 τύχας
1073 1225 1148 1305 ἐμὰς
1171 1219 1298 1311 (ipisci)

284 1343 380 1430 Legit
414 1346 546 1410 sortasse
576 1347 694 1429 θεωρὸς
727 1345 775 1411 ὤν’
808 1365 849 1408 ex
877 1347 1044 1427 θεωρήσων
1072 1341 1299 1424 depravatum.

272 1461 374 1530 rosa
398 1465 429 1526 1.
451 1459 487 1526 in
506 1473 593 1528 cont.
614 1466 784 1548 θεωρήσας.
807 1459 971 1528 Videntur
979 1457 1171 1524 nonnulliin
1185 1461 1300 1524 futuro

285 1577 461 1670 (θωρήσσν)
496 1591 652 1665 aequente
685 1577 849 1662 praesenti
881 1591 1037 1663 tempore·
1064 1573 1296 1666 (συνασχαλῶν)

272 1691 458 1762 offendisse.
719 1711 722 1716 “
827 1689 830 1698 ’
907 1714 910 1724 ’
996 1695 1003 1712 ’
1277 1725 1283 1768 ·.

275 1833 285 1844 ·
335 1810 456 1879 Versus
486 1811 666 1877 sti-372.
713 1806 913 1876 Scholiastae
959 1808 1009 1900 (B.
1048 1811 1090 1878 ad
1119 1811 1218 1886 titt,
1258 1809 1301 1876 Α.

208 1909 211 1916 ’
283 1927 376 2015 353.)
409 1925 541 1993 Oceano
568 1925 733 1994 tribuunt.
786 1924 982 1994 Elmsleium
1014 1929 1074 1994 hos
1101 1926 1298 1994 Prometheo

282 2043 522 2112 adscribentem
542 2065 661 2112 verum
679 2044 804 2122 vidisse,
827 2056 898 2110 tam
920 2044 1003 2108 mihi
1024 2065 1214 2128 persuasum
1235 2058 1297 2122 est,

271 2175 341 2242 ut,
372 2165 542 2249 quomodo
564 2183 629 2228 esse
652 2162 794 2247 possint,
817 2161 1001 2248 qui'nihilo
1026 2161 1135 2236 minus
1156 2163 1299 2240 alterum

282 2282 446 2366 probent,
480 2283 535 2348 vix
564 2281 758 2367 intelligam.
794 2280 911 2349 Versus
934 2283 1016 2346 Ι347.
1045 2282 1082 2347 osi
1111 2281 1179 2364 δῆτ’
1210 2284 1298 2360 tert,

283 2413 316 2464 et
337 2401 414 2464 373.
438 2401 475 2464 ud
491 2398 521 2464 δ’
535 2399 591 2464 οὐκ
602 2403 741 2484 ἄπειρος,
761 2397 807 2463 sic
819 2419 897 2464 cum
907 2399 1099 2487 praegressis
1108 2396 1295 2479 cohaerent,

283 2528 321 2579 nt
342 2535 497 2599 personae
518 2515 658 2580 mutatio
682 2527 768 2580 certe
785 2515 965 2581 admodum
986 2517 1212 2600 improbabilis
1232 2517 1294 2594 sit3

273 2626 474 2703 'vaticinium
506 2637 547 2702 de
579 2637 695 2700 futuro
720 2635 845 2701 Aetnae
872 2633 1022 2701 incendio
1052 2638 1161 2701 multo
1193 2634 1298 2722 magia

281 2749 479 2820 Prometheo
508 2774 610 2839 quam
640 2749 772 2820 Oceano
798 2754 971 2832 convenit3
994 2753 1135 2840 denique
1154 2767 1223 2820 tota
1242 2753 1298 2818 illa

282 2874 386 2956 ῥῆσις,
410 2872 437 2936 si
459 2867 591 2936 Oceano
611 2870 790 2948 trrlruitur,
813 2874 903 2939 velut
931 2891 1059 2955 pannus
1078 2885 1296 2956 assumspen·

281 2989 355 3065 det,
388 3009 493 3072 neque
514 2991 555 3052 ad
581 2998 817 3075 argumentum
840 2991 1086 3056 accommodata
1107 3003 1165 3056 est.
1208 2988 1296 3056 Con-

279 3105 435 3171 firmatu'r
468 3101 550 3171 haec
576 3105 661 3170 ratio
689 3099 858 3189 praeterea
888 3127 947 3180 eo,
979 3110 1068 3193 quod
1097 3108 1187 3172 Atlas
1205 3107 1295 3183 eius,

281 3223 339 3310 qni
369 3223 536 3309 loquitur,
565 3224 752 3308 κασίγνητος
771 3234 907 3289 vocatur
929 3225 975 3314 (v.
996 3222 1097 3311 347),
1126 3223 1296 3289 Atlantem

280 3346 392 3406 autem
415 3353 449 3406 et
469 3339 709 3408 Prometheum
732 3341 848 3406 fratres
875 3340 993 3419 fuisse,
1022 3361 1135 3408 omnes
1160 3338 1295 3429 mytho-

280 3458 397 3548 gruphi
417 3461 578 3526 referunt.
601 3458 656 3526 Cf.
676 3459 787 3527 Schol.
807 3461 849 3526 ad
866 3481 899 3528 v.
919 3459 996 3537 347,
1008 3459 1127 3546 lleyn.
1142 3462 1183 3526 ad
1195 3459 1296 3543 Apol-

280 3579 346 3643 lod.
372 3577 398 3642 l.
423 3579 455 3641 2.
479 3579 521 3655 33
553 3580 644 3663 quod
673 3596 741 3643 non
771 3577 963 3665 infringitur
993 3593 1050 3652 eo,
1083 3579 1172 3662 quod
1203 3576 1294 3641 Atlas

279 3693 368 3758 infra
389 3714 421 3758 v.
448 3693 523 3758 426.
569 3693 667 3759 Titan
699 3695 836 3774 dicitnr3
870 3694 1017 3760 similiter
1044 3692 1134 3757 enim
1157 3692 1297 3760 Prome-

279 3811 375 3876 theus
397 3811 502 3877 Τιτὰν
517 3813 706 3897 Προμηθεύς
722 3815 905 3896 appellatur
922 3833 941 3878 a
957 3808 1058 3896 Soph.
1076 3807 1118 3876 0.
1137 3809 1177 3878 C.
1191 3816 1250 3892 55,
1264 3803 1297 3878 et

279 3919 378 3994 aliis.=
407 3925 572 3994 Particula
604 3926 685 4010 δῆτα
715 3928 763 4015 (v.
790 3926 884 4015 347.)
917 3928 1097 4018 negationis
1130 3930 1201 3996 vim
1227 3949 1295 3996 au·

277 4055 350 4134 get,
373 4064 476 4132 eaque
497 4043 711 4114 Prometheus
732 4041 910 4134 significat,
930 4069 966 4113 se
988 4047 1062 4126 illa,
1088 4069 1173 4133 quae
1195 4042 1295 4114 m'odo

278 4149 428 4241 dixisset,
453 4163 602 4232 aremari.
627 4161 680 4236 Cf.
706 4161 787 4234 Hcs.
805 4164 891 4240 367,
914 4164 1014 4251 Soph.
1032 4164 1114 4234 Oed.
1133 4166 1173 4232 Τ.
1195 4166 1292 4232 1377.
