2988 5020
668 439 729 502 137

74 669 83 681 ·
199 649 275 734 πρὸς
307 645 483 722 Olbensis,
516 646 538 708 i.
565 665 592 708 e.
624 648 663 708 τά
687 647 762 730 πρὸ,ι
789 643 858 711 Oli.
881 643 1045 731 λεχθέντα.
1073 631 1216 706 1Νἰιιιίε

197 787 296 828 seros
319 762 446 850 Oedipi
468 765 734 848 imprecationes
757 755 947 826 emerando
973 760 1140 846 Erinnys
1155 783 1215 826 ra·

197 892 254 944 tas
270 880 375 966 feeit.
421 879 474 944 Sto
497 881 638 966 κραίνειν
663 877 777 959 λόγον,
801 878 915 963 Suppl.
940 881 1019 944 603.

243 1000 322 1064 874.
357 997 398 1062 A.
423 1001 464 1062 sd
495 987 574 1062 877.
599 997 698 1060 habet
722 1000 893 1078 ιὀοφόνοιν,
919 998 1009 1082 quod
1037 1017 1077 1061 ex
1109 997 1216 1060 inter-

195 1115 377 1197 pretatione
400 1115 514 1192 fluxit,
551 1134 592 1178 ne
617 1111 653 1178 in
677 1112 853 1178 Scholiaste
877 1114 1013 1198 quidem
1038 1113 1094 1177 illa
1118 1112 1215 1178 lectio

198 1246 306 1308 certa,
340 1254 446 1317 quum
477 1231 568 1298 Voss.
608 1233 637 1299 1.
672 1230 793 1296 babeat
820 1233 1011 1314 ἀντιφόνων.
1034 1219 1039 1300 ’,
1058 1229 1215 1295 Similiter

198 1347 347 1432 Choeph,
373 1351 451 1413 317.
473 1353 573 1432 σκότῳ
597 1353 673 1430 φάος
697 1349 898 1432 ἀντίμοιρον,
934 1346 1014 1431 olim
1044 1346 1215 1433 legebatur

198 1468 364 1551 irrepsisse.
423 1465 546 1532 Veram
583 1466 756 1529 lectionem
791 1478 862 1549 post
904 1466 1056 1531 Erfurdt.
1091 1465 1214 1548 recepit

196 1583 433 1669 Bsmbergerus
455 1605 494 1646 ex
518 1581 629 1647 Sohol.
652 1596 685 1646 et
705 1582 795 1647 libris
810 1583 996 1658 nonnullis,
1020 1583 1078 1666 qui
1089 1581 1214 1646 habent

198 1703 396 1785 ἰσοτίμοιρον.
429 1700 528 1764 Eum.
554 1701 619 1763 753
645 1697 759 1786 (7,75):
783 1701 963 1782 ἀντιπενθῆ
991 1701 1084 1787 (baec
1107 1699 1219 1782 pluri·

197 1837 332 1880 morum
365 1815 527 1880 librorum
558 1817 654 1880 lectio
680 1815 742 1905 est)
764 1824 895 1897 μεθεῖσα
917 1803 1048 1901 ιιροιδιόιςΙ
1072 1809 1215 1897 οταλοιγ-

196 1937 266 2015 μόν.
291 1930 398 1997 Schol.
425 1935 599 2013 ἴσοπενθῆ,
623 1933 716 2014 ὅμοιοι
737 1931 862 2016 δρῶντα
885 1930 932 2006 οἷς
956 1935 1124 2011 πέπονθα,
1145 1955 1214 1998 non

197 2069 327 2132 prorsus
367 2062 472 2125 reste,
506 2050 685 2131 ἀντιπενθῆ
725 2062 772 2113 est
814 2049 903 2114 enim
938 2073 1007 2135 pro
1041 2073 1212 2128 moerore,

197 2189 263 2252 quo
283 2159 520 2250 offsotn'srsm.
567 2163 796 2230 Schwenckius
813 2179 981 2248 praeterea
1003 2168 1096 2232 affert
1109 2165 1209 2250 Sopb.

196 2281 278 2347 Oed.
309 2281 380 2348 Col.
404 2284 480 2347 192.
510 2283 702 2368 ἀντιπέτμοο
726 2286 882 2368 βήματος,
914 2282 972 2346 ubi
1003 2281 1113 2348 Schol,
1146 2287 1214 2348 iso·

196 2399 321 2484 πέτρου.

235 2516 358 2583 -Versus
383 2518 468 2593 874,
503 2519 588 2594 875,
622 2520 709 2595 877,
739 2520 805 2583 878
829 2517 887 2582 uni
911 2517 1125 2584 Hemichorio
1149 2521 1213 2584 tri„
1246 2512 1247 2515 ’

195 2634 268 2698 buit
292 2632 399 2699 Sebol.
423 2635 472 2710 A,
498 2636 553 2724 (sd
576 2633 677 2720 877),
701 2637 793 2701 alteri
814 2659 847 2702 r.
872 2637 950 2700 876.
985 2637 1089 2710 fldem
1111 2637 1210 2702 int-er-

195 2772 269 2833 pres
299 2753 339 2812 ad
368 2751 445 2813 871.
471 2752 652 2833 τετυμμένοι
674 2751 747 2831 δῆθ’
775 2755 809 2816 ἐν
831 2756 876 2836 τῷ
896 2753 980 2836 μέσον
1003 2752 1062 2836 ἔφη
1085 2756 1121 2818 τὸ
1144 2754 1209 2818 Γἐτι·

194 2890 250 2951 ρον
275 2869 444 2950 η’μιχόριον.
491 2866 689 2931 securatam
710 2880 743 2932 et
760 2881 954 2950 perpetuam
976 2870 1010 2933 in
1028 2891 1064 2934 ea
1086 2869 1208 2935 earmi-

176 2986 242 3052 ,nis
265 2994 376 3065 parte,
411 3004 494 3067 quae
517 2982 711 3052 Wellauero
730 2987 864 3068 stropha
888 2999 934 3050 est
956 2999 988 3052 et
1009 2987 1210 3070 antistropha

196 3097 244 3188 β’,
280 3100 374 3164 fuisse
403 3100 483 3164 olim
501 3113 702 3165 metrorum
736 3084 996 3185 responsionem,
1031 3123 1093 3186 pro
1118 3116 1209 3168 certo

195 3218 328 3302 quidem
362 3217 522 3282 affirmare
546 3238 614 3282 non
637 3218 760 3296 ausim,
792 3240 908 3283 verum
931 3241 1088 3304 magnam
1109 3219 1210 3286 habet

193 3335 248 3398 illa
282 3355 332 3398 res
363 3331 628 3418 probabilitatem
656 3356 696 3399 ex
719 3333 930 3398 similitudine
956 3346 1143 3400 metrorum
1173 3337 1207 3400 in
1314 3335 1316 3338 ’

193 3453 336 3517 versibus
358 3453 549 3537 praegressis
578 3465 611 3516 et
636 3451 862 3536 sequentibus,
894 3451 929 3513 in
956 3451 1076 3534 quibus
1107 3474 1209 3535 parva

191 3570 373 3634 mutatione
402 3571 536 3652 stropha
570 3581 603 3632 et
638 3567 841 3650 antistropha
865 3583 999 3651 possunt
1023 3571 1207 3656 exaequari.

193 3687 370 3768 Responsio
388 3687 413 3751 si
434 3686 632 3750 restituenda
655 3697 720 3761 est,
743 3685 904 3750 Dindorfii
924 3687 1119 3751 sententiam
1138 3709 1209 3752 am·

192 3806 398 3886 plectendam
430 3817 531 3889 puto,
567 3804 625 3888 qui
648 3803 792 3867 Elmsleii
813 3803 1019 3886 potissimum
1045 3805 1207 3872 rationem

186 3933 314 3986 secutus
336 3933 409 4003 post
428 3943 459 3986 v.
480 3922 556 3986 872.
581 3941 687 3984 unum
711 3941 863 3996 versum,
891 3943 922 3985 v.
941 3923 1020 3987 875.
1041 3935 1117 3985 ante
1144 3931 1207 3986 θοι-

192 4042 296 4104 strar
319 4040 454 4123 longam
477 4036 635 4123 syllabam
669 4037 811 4124 (supplet
834 4039 887 4112 ἐκ,
920 4051 1033 4102 contra
1056 4059 1206 4115 sensum,

1055 4151 1093 4218 18
