<?xml version="1.0" encoding="UTF-8"?>
<!DOCTYPE html PUBLIC "-//W3C//DTD XHTML 1.0 Transitional//EN"
    "http://www.w3.org/TR/xhtml1/DTD/xhtml1-transitional.dtd">
<html xmlns="http://www.w3.org/1999/xhtml" xml:lang="en" lang="en">
 <head>
  <title>
</title>
<meta http-equiv="Content-Type" content="text/html;charset=utf-8" />
  <meta name='ocr-system' content='tesseract 3.04.00' />
  <meta name='ocr-capabilities' content='ocr_page ocr_carea ocr_par ocr_line ocrx_word'/>
</head>
<body>
  <div class='ocr_page' id='page_1' title='image "./disputatiocriti00frangoog_0128.png"; bbox 0 0 2988 5020; ppageno 0'>
   <div class='ocr_carea' id='block_1_1' title="bbox 663 419 741 492">
    <p class='ocr_par' dir='ltr' id='par_1_1' title="bbox 663 419 741 492">
     <span class='ocr_line' id='line_1_1' title="bbox 663 419 741 492; baseline 0 -10"><span class='ocrx_word' id='word_1_1' title='bbox 663 419 741 492; x_wconf 28' lang='lat'><strong>297</strong></span> 
     </span>
    </p>
   </div>
   <div class='ocr_carea' id='block_1_2' title="bbox 216 621 1310 1176">
    <p class='ocr_par' dir='ltr' id='par_1_2' title="bbox 216 621 1310 1176">
     <span class='ocr_line' id='line_1_2' title="bbox 216 621 1310 708; baseline 0.005 -22"><span class='ocrx_word' id='word_1_2' title='bbox 216 634 420 698; x_wconf 78' lang='lat' dir='ltr'><strong>moturum,</strong></span> <span class='ocrx_word' id='word_1_3' title='bbox 453 625 528 697; x_wconf 82' lang='lat' dir='ltr'><strong>sed,</strong></span> <span class='ocrx_word' id='word_1_4' title='bbox 551 623 634 686; x_wconf 76' lang='lat' dir='ltr'><strong>sicut</strong></span> <span class='ocrx_word' id='word_1_5' title='bbox 663 623 696 685; x_wconf 92' lang='lat' dir='ltr'><strong>in</strong></span> <span class='ocrx_word' id='word_1_6' title='bbox 720 621 905 708; x_wconf 77' lang='grc' dir='ltr'><strong><em>ὠμογέρων,</em></strong></span> <span class='ocrx_word' id='word_1_7' title='bbox 929 627 1018 708; x_wconf 92' lang='lat' dir='ltr'><strong>quod</strong></span> <span class='ocrx_word' id='word_1_8' title='bbox 1036 624 1151 691; x_wconf 76' lang='lat' dir='ltr'><strong>viride</strong></span> <span class='ocrx_word' id='word_1_9' title='bbox 1171 638 1228 704; x_wconf 73' lang='lat' dir='ltr'><strong>eat.</strong></span> <span class='ocrx_word' id='word_1_10' title='bbox 1306 676 1310 683; x_wconf 84' lang='lat'>.</span> 
     </span>
     <span class='ocr_line' id='line_1_3' title="bbox 218 739 1227 827; baseline 0.002 -21"><span class='ocrx_word' id='word_1_11' title='bbox 218 739 400 806; x_wconf 71' lang='lat' dir='ltr'><strong>etvarck.</strong></span> <span class='ocrx_word' id='word_1_12' title='bbox 421 740 463 804; x_wconf 84' lang='lat' dir='ltr'><strong>ad</strong></span> <span class='ocrx_word' id='word_1_13' title='bbox 486 742 599 805; x_wconf 84' lang='lat' dir='ltr'><strong>Amm.</strong></span> <span class='ocrx_word' id='word_1_14' title='bbox 624 763 657 823; x_wconf 87' lang='lat' dir='ltr'><strong>p.</strong></span> <span class='ocrx_word' id='word_1_15' title='bbox 677 743 732 806; x_wconf 80' lang='lat'><strong>54.</strong></span> <span class='ocrx_word' id='word_1_16' title='bbox 778 741 1004 827; x_wconf 86' lang='grc' dir='ltr'><strong><em>Ἀρτιδρόποις</em></strong></span> <span class='ocrx_word' id='word_1_17' title='bbox 1025 745 1051 807; x_wconf 82' lang='grc' dir='ltr'><strong>εἰ</strong></span> <span class='ocrx_word' id='word_1_18' title='bbox 1072 745 1227 808; x_wconf 76' lang='lat' dir='ltr'><strong>scribere-</strong></span> 
     </span>
     <span class='ocr_line' id='line_1_4' title="bbox 216 832 1228 946; baseline 0.005 -25"><span class='ocrx_word' id='word_1_19' title='bbox 216 869 291 934; x_wconf 83' lang='lat' dir='ltr'><strong>tur,</strong></span> <span class='ocrx_word' id='word_1_20' title='bbox 326 832 463 941; x_wconf 74' lang='lat' dir='ltr'><strong>partire,</strong></span> <span class='ocrx_word' id='word_1_21' title='bbox 499 857 690 942; x_wconf 82' lang='grc' dir='ltr'><strong><em>ώμοδρόπων</em></strong></span> <span class='ocrx_word' id='word_1_22' title='bbox 722 858 825 923; x_wconf 86' lang='lat' dir='ltr'><strong>active</strong></span> <span class='ocrx_word' id='word_1_23' title='bbox 849 857 976 923; x_wconf 88' lang='lat' dir='ltr'><strong>dictum</strong></span> <span class='ocrx_word' id='word_1_24' title='bbox 1006 861 1110 938; x_wconf 83' lang='lat' dir='ltr'><strong>foret,</strong></span> <span class='ocrx_word' id='word_1_25' title='bbox 1139 864 1228 946; x_wconf 90' lang='lat' dir='ltr'><strong>quod</strong></span> 
     </span>
     <span class='ocr_line' id='line_1_5' title="bbox 216 973 1226 1061; baseline 0.005 -23"><span class='ocrx_word' id='word_1_26' title='bbox 216 982 270 1041; x_wconf 79' lang='lat' dir='ltr'><strong>rix</strong></span> <span class='ocrx_word' id='word_1_27' title='bbox 293 976 478 1040; x_wconf 86' lang='lat' dir='ltr'><strong>serendum.</strong></span> <span class='ocrx_word' id='word_1_28' title='bbox 525 973 635 1058; x_wconf 81' lang='lat' dir='ltr'><strong>Quare</strong></span> <span class='ocrx_word' id='word_1_29' title='bbox 666 977 834 1061; x_wconf 73' lang='lat' dir='ltr'><strong>vulgatam</strong></span> <span class='ocrx_word' id='word_1_30' title='bbox 866 976 1041 1040; x_wconf 84' lang='lat' dir='ltr'><strong>lectionem</strong></span> <span class='ocrx_word' id='word_1_31' title='bbox 1070 980 1226 1044; x_wconf 87' lang='lat' dir='ltr'><strong>tuendam</strong></span> 
     </span>
     <span class='ocr_line' id='line_1_6' title="bbox 217 1091 1228 1176; baseline 0.007 -22"><span class='ocrx_word' id='word_1_32' title='bbox 217 1102 250 1154; x_wconf 85' lang='lat' dir='ltr'><strong>ct</strong></span> <span class='ocrx_word' id='word_1_33' title='bbox 290 1091 336 1158; x_wconf 83' lang='lat' dir='ltr'><strong>sic</strong></span> <span class='ocrx_word' id='word_1_34' title='bbox 372 1091 595 1173; x_wconf 84' lang='lat' dir='ltr'><strong>explicandam</strong></span> <span class='ocrx_word' id='word_1_35' title='bbox 629 1111 693 1155; x_wconf 79' lang='lat' dir='ltr'><strong>case</strong></span> <span class='ocrx_word' id='word_1_36' title='bbox 728 1103 832 1172; x_wconf 84' lang='lat' dir='ltr'><strong>puto:</strong></span> <span class='ocrx_word' id='word_1_37' title='bbox 880 1092 990 1157; x_wconf 87' lang='lat' dir='ltr'><strong>flebile</strong></span> <span class='ocrx_word' id='word_1_38' title='bbox 1027 1105 1073 1157; x_wconf 75' lang='lat' dir='ltr'><strong>est</strong></span> <span class='ocrx_word' id='word_1_39' title='bbox 1104 1095 1228 1176; x_wconf 79' lang='lat' dir='ltr'><strong>pudicis</strong></span> 
     </span>
    </p>
   </div>
   <div class='ocr_carea' id='block_1_3' title="bbox 215 1209 1335 1295">
    <p class='ocr_par' dir='ltr' id='par_1_3' title="bbox 215 1209 1335 1295">
     <span class='ocr_line' id='line_1_7' title="bbox 215 1209 1335 1295; baseline 0.001 -21"><span class='ocrx_word' id='word_1_40' title='bbox 215 1209 397 1295; x_wconf 73' lang='lat' dir='ltr'><strong>virginibus</strong></span> <span class='ocrx_word' id='word_1_41' title='bbox 437 1221 511 1272; x_wconf 86' lang='lat' dir='ltr'><strong>ante</strong></span> <span class='ocrx_word' id='word_1_42' title='bbox 543 1209 730 1294; x_wconf 74' lang='lat' dir='ltr'><strong>legitimum</strong></span> <span class='ocrx_word' id='word_1_43' title='bbox 764 1209 964 1274; x_wconf 85' lang='lat' dir='ltr'><strong>matrimonii</strong></span> <span class='ocrx_word' id='word_1_44' title='bbox 996 1223 1126 1293; x_wconf 78' lang='lat' dir='ltr'><strong>tempus</strong></span> <span class='ocrx_word' id='word_1_45' title='bbox 1167 1215 1229 1275; x_wconf 90' lang='lat' dir='ltr'><strong>do·</strong></span> <span class='ocrx_word' id='word_1_46' title='bbox 1323 1209 1335 1226; x_wconf 85' lang='lat'>&#39;</span> 
     </span>
    </p>
   </div>
   <div class='ocr_carea' id='block_1_4' title="bbox 213 1326 1228 2467">
    <p class='ocr_par' dir='ltr' id='par_1_4' title="bbox 213 1326 1228 2467">
     <span class='ocr_line' id='line_1_8' title="bbox 217 1326 1227 1414; baseline 0.003 -24"><span class='ocrx_word' id='word_1_47' title='bbox 217 1347 313 1390; x_wconf 90' lang='lat' dir='ltr'><strong>mum</strong></span> <span class='ocrx_word' id='word_1_48' title='bbox 356 1341 485 1389; x_wconf 87' lang='lat' dir='ltr'><strong>mutare</strong></span> <span class='ocrx_word' id='word_1_49' title='bbox 524 1326 624 1390; x_wconf 74' lang='lat' dir='ltr'><strong>invisa</strong></span> <span class='ocrx_word' id='word_1_50' title='bbox 661 1326 847 1414; x_wconf 79' lang='lat' dir='ltr'><strong>(servitutis)</strong></span> <span class='ocrx_word' id='word_1_51' title='bbox 884 1327 969 1391; x_wconf 82' lang='lat' dir='ltr'><strong>ria.’&#39;</strong></span> <span class='ocrx_word' id='word_1_52' title='bbox 1027 1327 1106 1391; x_wconf 92' lang='lat' dir='ltr'><strong>Eur.</strong></span> <span class='ocrx_word' id='word_1_53' title='bbox 1152 1327 1227 1411; x_wconf 85' lang='lat' dir='ltr'><strong>Iph.</strong></span> 
     </span>
     <span class='ocr_line' id='line_1_9' title="bbox 217 1442 1226 1528; baseline 0.003 -22"><span class='ocrx_word' id='word_1_54' title='bbox 217 1443 316 1508; x_wconf 84' lang='lat' dir='ltr'><strong>Taur.</strong></span> <span class='ocrx_word' id='word_1_55' title='bbox 349 1445 425 1508; x_wconf 87' lang='grc'><strong>388.</strong></span> <span class='ocrx_word' id='word_1_56' title='bbox 456 1442 629 1524; x_wconf 77' lang='grc' dir='ltr'><strong>Ἀσιήτιδα</strong></span> <span class='ocrx_word' id='word_1_57' title='bbox 656 1451 753 1522; x_wconf 81' lang='grc' dir='ltr'><strong><em>γαῖαν</em></strong></span> <span class='ocrx_word' id='word_1_58' title='bbox 773 1445 930 1528; x_wconf 77' lang='grc' dir='ltr'><strong><em>Εὐρώπας</em></strong></span> <span class='ocrx_word' id='word_1_59' title='bbox 952 1443 1139 1527; x_wconf 79' lang='grc' dir='ltr'><strong><em>διαμείψας,</em></strong></span> <span class='ocrx_word' id='word_1_60' title='bbox 1160 1443 1226 1510; x_wconf 87' lang='lat' dir='ltr'><strong>sol.</strong></span> 
     </span>
     <span class='ocr_line' id='line_1_10' title="bbox 214 1559 1228 1650; baseline 0.003 -27"><span class='ocrx_word' id='word_1_61' title='bbox 214 1563 257 1626; x_wconf 82' lang='lat' dir='ltr'><strong>fr.</strong></span> <span class='ocrx_word' id='word_1_62' title='bbox 284 1562 334 1624; x_wconf 86' lang='grc'><strong>16.</strong></span> <span class='ocrx_word' id='word_1_63' title='bbox 353 1565 372 1623; x_wconf 85' lang='grc'><strong>2</strong></span> <span class='ocrx_word' id='word_1_64' title='bbox 399 1559 497 1650; x_wconf 82' lang='lat' dir='ltr'><strong>(Plut.</strong></span> <span class='ocrx_word' id='word_1_65' title='bbox 521 1562 557 1625; x_wconf 89' lang='lat' dir='ltr'><strong>in</strong></span> <span class='ocrx_word' id='word_1_66' title='bbox 575 1559 634 1627; x_wconf 86' lang='lat' dir='ltr'><strong>rit.</strong></span> <span class='ocrx_word' id='word_1_67' title='bbox 658 1583 686 1624; x_wconf 91' lang='lat' dir='ltr'><strong>c.</strong></span> <span class='ocrx_word' id='word_1_68' title='bbox 709 1559 743 1644; x_wconf 86' lang='lat'><strong>3)</strong></span> <span class='ocrx_word' id='word_1_69' title='bbox 768 1559 838 1625; x_wconf 75' lang='lat' dir='ltr'><strong>atr</strong></span> <span class='ocrx_word' id='word_1_70' title='bbox 862 1568 947 1644; x_wconf 76' lang='grc' dir='ltr'><strong><em>ἡμεῖς</em></strong></span> <span class='ocrx_word' id='word_1_71' title='bbox 970 1562 1076 1636; x_wconf 78' lang='grc' dir='ltr'><strong><em>αὐτοῖς</em></strong></span> <span class='ocrx_word' id='word_1_72' title='bbox 1099 1564 1135 1629; x_wconf 81' lang='grc' dir='ltr'><strong>οὐ</strong></span> <span class='ocrx_word' id='word_1_73' title='bbox 1159 1562 1228 1627; x_wconf 89' lang='grc' dir='ltr'><strong><em>δια-</em></strong></span> 
     </span>
     <span class='ocr_line' id='line_1_11' title="bbox 214 1676 1227 1764; baseline 0.004 -23"><span class='ocrx_word' id='word_1_74' title='bbox 214 1683 395 1761; x_wconf 78' lang='grc' dir='ltr'><strong><em>μειψόμεθα</em></strong></span> <span class='ocrx_word' id='word_1_75' title='bbox 425 1685 480 1760; x_wconf 81' lang='grc' dir='ltr'><strong><em>τῆς</em></strong></span> <span class='ocrx_word' id='word_1_76' title='bbox 510 1679 619 1764; x_wconf 80' lang='grc' dir='ltr'><strong><em>οἷρετῆς</em></strong></span> <span class='ocrx_word' id='word_1_77' title='bbox 647 1681 703 1744; x_wconf 87' lang='grc' dir='ltr'><strong><em>τὸν</em></strong></span> <span class='ocrx_word' id='word_1_78' title='bbox 733 1676 880 1745; x_wconf 80' lang='grc' dir='ltr'><strong><em>πλοῦτον.</em></strong></span> <span class='ocrx_word' id='word_1_79' title='bbox 928 1676 1139 1762; x_wconf 85' lang='lat' dir='ltr'><strong>Comparatio</strong></span> <span class='ocrx_word' id='word_1_80' title='bbox 1162 1681 1227 1746; x_wconf 87' lang='lat' dir='ltr'><strong>vir·</strong></span> 
     </span>
     <span class='ocr_line' id='line_1_12' title="bbox 215 1795 1226 1882; baseline 0.005 -24"><span class='ocrx_word' id='word_1_81' title='bbox 215 1796 297 1882; x_wconf 75' lang='lat' dir='ltr'><strong>ginis</strong></span> <span class='ocrx_word' id='word_1_82' title='bbox 321 1809 352 1860; x_wconf 87' lang='lat' dir='ltr'><strong>ct</strong></span> <span class='ocrx_word' id='word_1_83' title='bbox 383 1799 508 1860; x_wconf 78' lang='lat' dir='ltr'><strong>fructus</strong></span> <span class='ocrx_word' id='word_1_84' title='bbox 529 1795 752 1859; x_wconf 70' lang='lat' dir='ltr'><strong>maturi-‘ratis</strong></span> <span class='ocrx_word' id='word_1_85' title='bbox 776 1797 939 1880; x_wconf 84' lang='lat' dir='ltr'><strong>frequens.</strong></span> <span class='ocrx_word' id='word_1_86' title='bbox 973 1795 1087 1861; x_wconf 83' lang='lat' dir='ltr'><strong>Noster</strong></span> <span class='ocrx_word' id='word_1_87' title='bbox 1110 1795 1226 1881; x_wconf 89' lang='lat' dir='ltr'><strong>Suppl.</strong></span> 
     </span>
     <span class='ocr_line' id='line_1_13' title="bbox 214 1911 1225 2001; baseline 0.005 -25"><span class='ocrx_word' id='word_1_88' title='bbox 214 1915 291 1977; x_wconf 79' lang='lat'><strong>649.</strong></span> <span class='ocrx_word' id='word_1_89' title='bbox 328 1911 437 2001; x_wconf 81' lang='grc' dir='ltr'><strong><em>Ἥβης</em></strong></span> <span class='ocrx_word' id='word_1_90' title='bbox 468 1912 498 1977; x_wconf 87' lang='grc' dir='ltr'><strong>δ’</strong></span> <span class='ocrx_word' id='word_1_91' title='bbox 529 1917 632 1985; x_wconf 73' lang='grc' dir='ltr'><strong><em>ἄνθος</em></strong></span> <span class='ocrx_word' id='word_1_92' title='bbox 663 1913 820 1997; x_wconf 77' lang='grc' dir='ltr'><strong>ἄδρεπτον</strong></span> <span class='ocrx_word' id='word_1_93' title='bbox 858 1914 955 1993; x_wconf 72' lang='grc' dir='ltr'><strong><em>ἔστω,</em></strong></span> <span class='ocrx_word' id='word_1_94' title='bbox 992 1916 1068 1979; x_wconf 87' lang='grc'><strong>976.</strong></span> <span class='ocrx_word' id='word_1_95' title='bbox 1103 1914 1225 2000; x_wconf 79' lang='lat' dir='ltr'><strong>Te‘prrr&#39;</strong></span> 
     </span>
     <span class='ocr_line' id='line_1_14' title="bbox 213 2028 1227 2117; baseline 0.003 -23"><span class='ocrx_word' id='word_1_96' title='bbox 213 2031 323 2114; x_wconf 82' lang='grc' dir='ltr'><strong><em>ὀπώρα</em></strong></span> <span class='ocrx_word' id='word_1_97' title='bbox 347 2030 376 2094; x_wconf 88' lang='grc' dir='ltr'><strong>δ’</strong></span> <span class='ocrx_word' id='word_1_98' title='bbox 401 2028 592 2111; x_wconf 69' lang='grc' dir='ltr'><strong><em>εὐφύλακτος</em></strong></span> <span class='ocrx_word' id='word_1_99' title='bbox 615 2029 777 2111; x_wconf 81' lang='grc' dir='ltr'><strong><em>οὐδαμῶς,</em></strong></span> <span class='ocrx_word' id='word_1_100' title='bbox 809 2043 841 2094; x_wconf 84' lang='lat' dir='ltr'><strong>et</strong></span> <span class='ocrx_word' id='word_1_101' title='bbox 868 2033 967 2114; x_wconf 88' lang='lat' dir='ltr'><strong>paulo</strong></span> <span class='ocrx_word' id='word_1_102' title='bbox 999 2046 1071 2112; x_wconf 80' lang='lat' dir='ltr'><strong>post</strong></span> <span class='ocrx_word' id='word_1_103' title='bbox 1101 2036 1227 2117; x_wconf 83' lang='grc' dir='ltr'><strong><em>καρπῶ-</em></strong></span> 
     </span>
     <span class='ocr_line' id='line_1_15' title="bbox 213 2145 1225 2230; baseline 0.002 -20"><span class='ocrx_word' id='word_1_104' title='bbox 213 2171 299 2229; x_wconf 84' lang='grc' dir='ltr'><strong><em>ματα</em></strong></span> <span class='ocrx_word' id='word_1_105' title='bbox 332 2148 494 2224; x_wconf 79' lang='grc' dir='ltr'><strong><em>οτάζοντα</em></strong></span> <span class='ocrx_word' id='word_1_106' title='bbox 529 2153 669 2230; x_wconf 68' lang='grc' dir='ltr'><strong><em>κηρύσσει</em></strong></span> <span class='ocrx_word' id='word_1_107' title='bbox 704 2151 845 2230; x_wconf 69' lang='grc' dir='ltr'><strong><em>Κύπρις,</em></strong></span> <span class='ocrx_word' id='word_1_108' title='bbox 880 2145 1015 2211; x_wconf 84' lang='lat' dir='ltr'><strong>Anthol.</strong></span> <span class='ocrx_word' id='word_1_109' title='bbox 1049 2147 1150 2212; x_wconf 85' lang='lat' dir='ltr'><strong>Palat.</strong></span> <span class='ocrx_word' id='word_1_110' title='bbox 1180 2147 1225 2215; x_wconf 85' lang='lat' dir='ltr'><strong>V.</strong></span> 
     </span>
     <span class='ocr_line' id='line_1_16' title="bbox 215 2263 1225 2353; baseline 0.004 -27"><span class='ocrx_word' id='word_1_111' title='bbox 215 2265 293 2329; x_wconf 86' lang='grc'><strong>227.</strong></span> <span class='ocrx_word' id='word_1_112' title='bbox 313 2269 343 2329; x_wconf 86' lang='grc'><strong>5.</strong></span> <span class='ocrx_word' id='word_1_113' title='bbox 367 2267 421 2329; x_wconf 79' lang='grc' dir='ltr'><strong>καὶ</strong></span> <span class='ocrx_word' id='word_1_114' title='bbox 444 2267 563 2349; x_wconf 65' lang='grc' dir='ltr'><strong><em>τρυγόνι</em></strong></span> <span class='ocrx_word' id='word_1_115' title='bbox 585 2267 640 2330; x_wconf 82' lang='grc' dir='ltr'><strong><em>τὸν</em></strong></span> <span class='ocrx_word' id='word_1_116' title='bbox 664 2263 781 2348; x_wconf 73' lang='grc' dir='ltr'><strong><em>ἕροιτα;</em></strong></span> <span class='ocrx_word' id='word_1_117' title='bbox 805 2263 956 2327; x_wconf 80' lang='lat' dir='ltr'><strong>similiter</strong></span> <span class='ocrx_word' id='word_1_118' title='bbox 976 2266 1098 2347; x_wconf 79' lang='grc' dir='ltr'><strong><em>ὄμφαξ,</em></strong></span> <span class='ocrx_word' id='word_1_119' title='bbox 1123 2268 1225 2353; x_wconf 77' lang='lat' dir='ltr'><strong>virgo</strong></span> 
     </span>
     <span class='ocr_line' id='line_1_17' title="bbox 213 2380 1225 2467; baseline 0.002 -21"><span class='ocrx_word' id='word_1_120' title='bbox 213 2381 372 2446; x_wconf 68' lang='grc' dir='ltr'><strong><em>ωονιιίιιωι,</em></strong></span> <span class='ocrx_word' id='word_1_121' title='bbox 388 2393 543 2447; x_wconf 83' lang='lat' dir='ltr'><strong>maturo.</strong></span> <span class='ocrx_word' id='word_1_122' title='bbox 587 2381 702 2465; x_wconf 86' lang='lat' dir='ltr'><strong>Itaque</strong></span> <span class='ocrx_word' id='word_1_123' title='bbox 722 2401 789 2445; x_wconf 88' lang='lat' dir='ltr'><strong>non</strong></span> <span class='ocrx_word' id='word_1_124' title='bbox 810 2401 942 2467; x_wconf 70' lang='lat' dir='ltr'><strong>egemus</strong></span> <span class='ocrx_word' id='word_1_125' title='bbox 964 2380 1098 2446; x_wconf 79' lang='lat' dir='ltr'><strong>Besaleri</strong></span> <span class='ocrx_word' id='word_1_126' title='bbox 1110 2383 1225 2449; x_wconf 72' lang='lat' dir='ltr'><strong>&#39;conie-</strong></span> 
     </span>
    </p>
   </div>
   <div class='ocr_carea' id='block_1_5' title="bbox 205 2475 1105 2702">
    <p class='ocr_par' dir='ltr' id='par_1_5' title="bbox 205 2475 1105 2702">
     <span class='ocr_line' id='line_1_18' title="bbox 205 2475 1105 2588; baseline 0 -24"><span class='ocrx_word' id='word_1_127' title='bbox 205 2475 306 2565; x_wconf 71' lang='lat' dir='ltr'><strong>&#39;crura</strong></span> <span class='ocrx_word' id='word_1_128' title='bbox 329 2501 493 2588; x_wconf 69' lang='lat' dir='ltr'><strong>(zeitschr.</strong></span> <span class='ocrx_word' id='word_1_129' title='bbox 517 2501 541 2565; x_wconf 84' lang='lat' dir='ltr'><strong>r.</strong></span> <span class='ocrx_word' id='word_1_130' title='bbox 566 2499 617 2563; x_wconf 77' lang='lat' dir='ltr'><strong>ue</strong></span> <span class='ocrx_word' id='word_1_131' title='bbox 641 2499 813 2563; x_wconf 66' lang='lat' dir='ltr'><strong>aiterum.</strong></span> <span class='ocrx_word' id='word_1_132' title='bbox 840 2500 936 2563; x_wconf 80' lang='lat'><strong>1841.</strong></span> <span class='ocrx_word' id='word_1_133' title='bbox 958 2520 991 2581; x_wconf 80' lang='lat' dir='ltr'><strong>p.</strong></span> <span class='ocrx_word' id='word_1_134' title='bbox 1007 2497 1105 2586; x_wconf 64' lang='lat' dir='ltr'><strong>arar:</strong></span> 
     </span>
     <span class='ocr_line' id='line_1_19' title="bbox 369 2615 991 2702; baseline 0.002 -20"><span class='ocrx_word' id='word_1_135' title='bbox 369 2617 506 2683; x_wconf 77' lang='grc' dir='ltr'><strong><em>κλαυτὸν</em></strong></span> <span class='ocrx_word' id='word_1_136' title='bbox 530 2623 643 2701; x_wconf 78' lang='grc' dir='ltr'><strong><em>γάρτι</em></strong></span> <span class='ocrx_word' id='word_1_137' title='bbox 668 2621 779 2702; x_wconf 81' lang='grc' dir='ltr'><strong><em>ῥοπαῖς</em></strong></span> <span class='ocrx_word' id='word_1_138' title='bbox 802 2615 991 2699; x_wconf 84' lang='grc' dir='ltr'><strong><em>ὠμοδρόπων</em></strong></span> 
     </span>
    </p>
   </div>
   <div class='ocr_carea' id='block_1_6' title="bbox 208 2733 1224 3995">
    <p class='ocr_par' dir='ltr' id='par_1_6' title="bbox 370 2733 938 2937">
     <span class='ocr_line' id='line_1_20' title="bbox 370 2733 938 2819; baseline -0.005 -19"><span class='ocrx_word' id='word_1_139' title='bbox 370 2738 508 2817; x_wconf 75' lang='grc' dir='ltr'><strong><em>νομίμων</em></strong></span> <span class='ocrx_word' id='word_1_140' title='bbox 530 2739 747 2819; x_wconf 74' lang='grc' dir='ltr'><strong><em>προπάροιθεν</em></strong></span> <span class='ocrx_word' id='word_1_141' title='bbox 770 2733 938 2816; x_wconf 79' lang='grc' dir='ltr'><strong><em>διαμεῖψαι</em></strong></span> 
     </span>
     <span class='ocr_line' id='line_1_21' title="bbox 370 2845 804 2937; baseline -0.009 -21"><span class='ocrx_word' id='word_1_142' title='bbox 370 2852 520 2934; x_wconf 78' lang='grc' dir='ltr'><strong><em>δωμάτων</em></strong></span> <span class='ocrx_word' id='word_1_143' title='bbox 543 2855 695 2937; x_wconf 79' lang='grc' dir='ltr'><strong><em>στυγερὰν</em></strong></span> <span class='ocrx_word' id='word_1_144' title='bbox 714 2845 804 2916; x_wconf 19' lang='grc' dir='ltr'><strong>ίόδόν.</strong></span> 
     </span>
    </p>

    <p class='ocr_par' dir='ltr' id='par_1_7' title="bbox 208 2965 1224 3995">
     <span class='ocr_line' id='line_1_22' title="bbox 255 2965 1223 3056; baseline 0.003 -24"><span class='ocrx_word' id='word_1_145' title='bbox 255 2970 331 3033; x_wconf 88' lang='grc'><strong>332.</strong></span> <span class='ocrx_word' id='word_1_146' title='bbox 356 2965 575 3056; x_wconf 78' lang='grc' dir='ltr'><strong><em>Ἀρτιβρεφεῒς</em></strong></span> <span class='ocrx_word' id='word_1_147' title='bbox 595 2981 633 3032; x_wconf 86' lang='lat' dir='ltr'><strong>ut</strong></span> <span class='ocrx_word' id='word_1_148' title='bbox 657 2968 785 3034; x_wconf 80' lang='lat' dir='ltr'><strong>ridetur</strong></span> <span class='ocrx_word' id='word_1_149' title='bbox 805 2968 845 3033; x_wconf 84' lang='lat' dir='ltr'><strong>A.</strong></span> <span class='ocrx_word' id='word_1_150' title='bbox 867 2969 908 3033; x_wconf 85' lang='lat' dir='ltr'><strong>ad</strong></span> <span class='ocrx_word' id='word_1_151' title='bbox 931 2971 1008 3034; x_wconf 82' lang='lat'><strong>333.</strong></span> <span class='ocrx_word' id='word_1_152' title='bbox 1034 2972 1056 3033; x_wconf 86' lang='lat' dir='ltr'><strong>l.</strong></span> <span class='ocrx_word' id='word_1_153' title='bbox 1071 2973 1112 3046; x_wconf 77' lang='lat'><strong>4,</strong></span> <span class='ocrx_word' id='word_1_154' title='bbox 1136 2971 1223 3056; x_wconf 81' lang='grc' dir='ltr'><strong><em>α’ρτι-</em></strong></span> 
     </span>
     <span class='ocr_line' id='line_1_23' title="bbox 211 3083 1222 3172; baseline 0.001 -22"><span class='ocrx_word' id='word_1_155' title='bbox 211 3093 352 3170; x_wconf 83' lang='grc' dir='ltr'><strong><em>τρεφεῒς,</em></strong></span> <span class='ocrx_word' id='word_1_156' title='bbox 376 3085 412 3150; x_wconf 93' lang='grc' dir='ltr'><strong>Β.</strong></span> <span class='ocrx_word' id='word_1_157' title='bbox 435 3087 524 3169; x_wconf 91' lang='lat' dir='ltr'><strong>quod</strong></span> <span class='ocrx_word' id='word_1_158' title='bbox 545 3084 650 3154; x_wconf 85' lang='lat' dir='ltr'><strong>Well.</strong></span> <span class='ocrx_word' id='word_1_159' title='bbox 670 3105 749 3149; x_wconf 91' lang='lat' dir='ltr'><strong>cum</strong></span> <span class='ocrx_word' id='word_1_160' title='bbox 773 3083 891 3172; x_wconf 68' lang='grc' dir='ltr'><strong><em>βλαχαὶ</em></strong></span> <span class='ocrx_word' id='word_1_161' title='bbox 911 3087 1098 3171; x_wconf 71' lang='lat' dir='ltr'><strong>coniungit,</strong></span> <span class='ocrx_word' id='word_1_162' title='bbox 1121 3087 1222 3151; x_wconf 88' lang='lat' dir='ltr'><strong>inter-</strong></span> 
     </span>
     <span class='ocr_line' id='line_1_24' title="bbox 210 3200 1223 3290; baseline 0.002 -24"><span class='ocrx_word' id='word_1_163' title='bbox 210 3212 342 3287; x_wconf 79' lang='lat' dir='ltr'><strong>pretans</strong></span> <span class='ocrx_word' id='word_1_164' title='bbox 377 3205 518 3290; x_wconf 76' lang='lat' dir='ltr'><strong>eapitur</strong></span> <span class='ocrx_word' id='word_1_165' title='bbox 552 3201 735 3288; x_wconf 80' lang='lat' dir='ltr'><strong>insontum</strong></span> <span class='ocrx_word' id='word_1_166' title='bbox 769 3222 883 3266; x_wconf 83' lang='grc' dir='ltr'><strong><em>ννοινιν</em></strong></span> <span class='ocrx_word' id='word_1_167' title='bbox 916 3213 1093 3266; x_wconf 82' lang='lat' dir='ltr'><strong>notorum.</strong></span> <span class='ocrx_word' id='word_1_168' title='bbox 1160 3200 1223 3268; x_wconf 88' lang='lat' dir='ltr'><strong>Sed</strong></span> 
     </span>
     <span class='ocr_line' id='line_1_25' title="bbox 209 3319 1221 3408; baseline -0.003 -20"><span class='ocrx_word' id='word_1_169' title='bbox 209 3323 560 3408; x_wconf 70' lang='grc' dir='ltr'><strong><em>οἷρτιτρεφὴςείφοίίίοοι</em></strong></span> <span class='ocrx_word' id='word_1_170' title='bbox 572 3319 769 3408; x_wconf 81' lang='lat' dir='ltr'><strong>quodmodo</strong></span> <span class='ocrx_word' id='word_1_171' title='bbox 790 3323 841 3384; x_wconf 81' lang='lat' dir='ltr'><strong>rel</strong></span> <span class='ocrx_word' id='word_1_172' title='bbox 863 3319 940 3383; x_wconf 81' lang='lat' dir='ltr'><strong>bene</strong></span> <span class='ocrx_word' id='word_1_173' title='bbox 957 3323 1136 3384; x_wconf 79' lang='lat' dir='ltr'><strong>nutritum</strong></span> <span class='ocrx_word' id='word_1_174' title='bbox 1161 3334 1221 3398; x_wconf 83' lang='lat' dir='ltr'><strong>ert,</strong></span> 
     </span>
     <span class='ocr_line' id='line_1_26' title="bbox 209 3435 1223 3525; baseline -0.002 -20"><span class='ocrx_word' id='word_1_175' title='bbox 209 3443 299 3525; x_wconf 90' lang='lat' dir='ltr'><strong>quod</strong></span> <span class='ocrx_word' id='word_1_176' title='bbox 333 3461 433 3524; x_wconf 90' lang='lat' dir='ltr'><strong>quem</strong></span> <span class='ocrx_word' id='word_1_177' title='bbox 457 3461 587 3504; x_wconf 77' lang='lat' dir='ltr'><strong>sensum</strong></span> <span class='ocrx_word' id='word_1_178' title='bbox 611 3440 664 3502; x_wconf 92' lang='lat' dir='ltr'><strong>hic</strong></span> <span class='ocrx_word' id='word_1_179' title='bbox 696 3435 816 3501; x_wconf 84' lang='lat' dir='ltr'><strong>haber&#39;c</strong></span> <span class='ocrx_word' id='word_1_180' title='bbox 840 3438 956 3519; x_wconf 77' lang='lat' dir='ltr'><strong>possit,</strong></span> <span class='ocrx_word' id='word_1_181' title='bbox 991 3458 1056 3501; x_wconf 83' lang='lat' dir='ltr'><strong>non</strong></span> <span class='ocrx_word' id='word_1_182' title='bbox 1087 3452 1223 3520; x_wconf 87' lang='lat' dir='ltr'><strong>apparet</strong></span> 
     </span>
     <span class='ocr_line' id='line_1_27' title="bbox 209 3554 1224 3645; baseline -0.002 -23"><span class='ocrx_word' id='word_1_183' title='bbox 209 3555 354 3623; x_wconf 87' lang='lat' dir='ltr'><strong>Schutzii</strong></span> <span class='ocrx_word' id='word_1_184' title='bbox 379 3563 452 3644; x_wconf 75' lang='grc' dir='ltr'><strong><em>ἄρτι</em></strong></span> <span class='ocrx_word' id='word_1_185' title='bbox 485 3559 608 3645; x_wconf 73' lang='grc' dir='ltr'><strong><em>βρεφῶν</em></strong></span> <span class='ocrx_word' id='word_1_186' title='bbox 642 3554 821 3620; x_wconf 78' lang='lat' dir='ltr'><strong>istiusmodi</strong></span> <span class='ocrx_word' id='word_1_187' title='bbox 843 3566 909 3630; x_wconf 83' lang='lat' dir='ltr'><strong>cst,</strong></span> <span class='ocrx_word' id='word_1_188' title='bbox 945 3567 1001 3630; x_wconf 83' lang='lat' dir='ltr'><strong>ut,</strong></span> <span class='ocrx_word' id='word_1_189' title='bbox 1033 3555 1059 3618; x_wconf 83' lang='lat' dir='ltr'><strong>si</strong></span> <span class='ocrx_word' id='word_1_190' title='bbox 1082 3555 1115 3618; x_wconf 93' lang='lat' dir='ltr'><strong>in</strong></span> <span class='ocrx_word' id='word_1_191' title='bbox 1138 3557 1224 3620; x_wconf 89' lang='lat' dir='ltr'><strong>libro</strong></span> 
     </span>
     <span class='ocr_line' id='line_1_28' title="bbox 210 3655 1223 3760; baseline 0.001 -23"><span class='ocrx_word' id='word_1_192' title='bbox 210 3672 279 3739; x_wconf 90' lang='lat' dir='ltr'><strong>MS.</strong></span> <span class='ocrx_word' id='word_1_193' title='bbox 292 3678 465 3760; x_wconf 72' lang='lat' dir='ltr'><strong>legeretur,</strong></span> <span class='ocrx_word' id='word_1_194' title='bbox 484 3676 660 3740; x_wconf 87' lang='lat' dir='ltr'><strong>haberetur</strong></span> <span class='ocrx_word' id='word_1_195' title='bbox 685 3695 746 3756; x_wconf 91' lang='lat' dir='ltr'><strong>pro</strong></span> <span class='ocrx_word' id='word_1_196' title='bbox 765 3671 889 3738; x_wconf 85' lang='lat' dir='ltr'><strong>librarii</strong></span> <span class='ocrx_word' id='word_1_197' title='bbox 907 3674 1116 3738; x_wconf 84' lang='lat' dir='ltr'><strong>correctione.</strong></span> <span class='ocrx_word' id='word_1_198' title='bbox 1141 3655 1223 3740; x_wconf 83' lang='lat' dir='ltr'><strong>Orn-</strong></span> 
     </span>
     <span class='ocr_line' id='line_1_29' title="bbox 209 3788 1223 3875; baseline 0.003 -22"><span class='ocrx_word' id='word_1_199' title='bbox 209 3788 289 3853; x_wconf 91' lang='lat' dir='ltr'><strong>nino</strong></span> <span class='ocrx_word' id='word_1_200' title='bbox 311 3792 536 3856; x_wconf 87' lang='lat' dir='ltr'><strong>difficillimum</strong></span> <span class='ocrx_word' id='word_1_201' title='bbox 567 3805 613 3857; x_wconf 83' lang='lat' dir='ltr'><strong>eat</strong></span> <span class='ocrx_word' id='word_1_202' title='bbox 644 3791 799 3866; x_wconf 87' lang='lat' dir='ltr'><strong>definire,</strong></span> <span class='ocrx_word' id='word_1_203' title='bbox 832 3811 913 3875; x_wconf 87' lang='lat' dir='ltr'><strong>quos</strong></span> <span class='ocrx_word' id='word_1_204' title='bbox 944 3790 1005 3856; x_wconf 83' lang='lat' dir='ltr'><strong>eibi</strong></span> <span class='ocrx_word' id='word_1_205' title='bbox 1032 3791 1065 3854; x_wconf 89' lang='lat' dir='ltr'><strong>in</strong></span> <span class='ocrx_word' id='word_1_206' title='bbox 1086 3793 1148 3856; x_wconf 85' lang='lat' dir='ltr'><strong>hac</strong></span> <span class='ocrx_word' id='word_1_207' title='bbox 1168 3794 1223 3856; x_wconf 85' lang='lat' dir='ltr'><strong>ad·</strong></span> 
     </span>
     <span class='ocr_line' id='line_1_30' title="bbox 208 3906 1223 3995; baseline 0.002 -26"><span class='ocrx_word' id='word_1_208' title='bbox 208 3906 401 3972; x_wconf 86' lang='lat' dir='ltr'><strong>iectivorum</strong></span> <span class='ocrx_word' id='word_1_209' title='bbox 423 3909 608 3974; x_wconf 82' lang='lat' dir='ltr'><strong>traiectione</strong></span> <span class='ocrx_word' id='word_1_210' title='bbox 630 3908 785 3973; x_wconf 78' lang='lat' dir='ltr'><strong>terminos</strong></span> <span class='ocrx_word' id='word_1_211' title='bbox 808 3908 995 3990; x_wconf 75' lang='lat' dir='ltr'><strong>scripserint</strong></span> <span class='ocrx_word' id='word_1_212' title='bbox 1021 3909 1146 3995; x_wconf 73' lang='lat' dir='ltr'><strong>tragici.</strong></span> <span class='ocrx_word' id='word_1_213' title='bbox 1190 3907 1223 3972; x_wconf 87' lang='lat' dir='ltr'><strong>Si</strong></span> 
     </span>
    </p>
   </div>
   <div class='ocr_carea' id='block_1_7' title="bbox 209 4026 1222 4205">
    <p class='ocr_par' dir='ltr' id='par_1_8' title="bbox 209 4026 1222 4205">
     <span class='ocr_line' id='line_1_31' title="bbox 209 4026 1222 4111; baseline -0.002 -21"><span class='ocrx_word' id='word_1_214' title='bbox 209 4028 334 4090; x_wconf 86' lang='lat' dir='ltr'><strong>clamor</strong></span> <span class='ocrx_word' id='word_1_215' title='bbox 357 4027 421 4090; x_wconf 86' lang='grc' dir='ltr'><strong><em>τῶν</em></strong></span> <span class='ocrx_word' id='word_1_216' title='bbox 446 4029 517 4109; x_wconf 73' lang='grc' dir='ltr'><strong><em>ἄρτι</em></strong></span> <span class='ocrx_word' id='word_1_217' title='bbox 543 4029 665 4111; x_wconf 82' lang='grc' dir='ltr'><strong><em>βρεφῶν</em></strong></span> <span class='ocrx_word' id='word_1_218' title='bbox 686 4039 718 4089; x_wconf 86' lang='lat' dir='ltr'><strong>et</strong></span> <span class='ocrx_word' id='word_1_219' title='bbox 741 4026 929 4088; x_wconf 87' lang='lat' dir='ltr'><strong>adultorum</strong></span> <span class='ocrx_word' id='word_1_220' title='bbox 950 4046 985 4087; x_wconf 87' lang='lat' dir='ltr'><strong>re</strong></span> <span class='ocrx_word' id='word_1_221' title='bbox 1007 4045 1082 4087; x_wconf 82' lang='lat' dir='ltr'><strong>vera</strong></span> <span class='ocrx_word' id='word_1_222' title='bbox 1104 4026 1222 4100; x_wconf 86' lang='lat' dir='ltr'><strong>differt,</strong></span> 
     </span>
     <span class='ocr_line' id='line_1_32' title="bbox 1073 4144 1163 4205; baseline 0.033 -3"><span class='ocrx_word' id='word_1_223' title='bbox 1073 4144 1112 4203; x_wconf 87' lang='grc'><strong>13</strong></span> <span class='ocrx_word' id='word_1_224' title='bbox 1160 4199 1163 4205; x_wconf 91' lang='grc'><em>,</em></span> 
     </span>
    </p>
   </div>
   <div class='ocr_carea' id='block_1_8' title="bbox 0 0 1498 5020">
    <p class='ocr_par' dir='ltr' id='par_1_9' title="bbox 0 0 1498 5020">
     <span class='ocr_line' id='line_1_33' title="bbox 0 0 1498 5020; baseline 0 1"><span class='ocrx_word' id='word_1_225' title='bbox 0 0 1498 5020; x_wconf 95' lang='lat' dir='ltr'><strong> </strong></span> 
     </span>
    </p>
   </div>
  </div>
 </body>
</html>
