3050 5034
779 543 821 606 40

333 745 493 826 versum,
517 765 616 830 quem
642 748 739 812 modo
760 767 798 812 ex
825 743 1004 812 Scholiasta
1026 744 1180 830 deonoti
1189 795 1201 830 ,
1221 746 1305 814 Hes-⁴

289 883 429 927 mannus
441 862 494 952 (ds
508 863 663 928 versibus
678 864 817 950 spuriis
828 863 923 950 opud
930 861 1149 950 Aeschylum,
1159 863 1304 950 Opusoo.

288 979 334 1046 ΙΙ.
352 1003 386 1064 p.
404 980 461 1068 83)
482 1003 521 1046 ex
540 982 629 1046 libris
646 981 759 1046 nostris
776 981 924 1046 excidisse
937 995 1040 1064 putat,
1064 994 1102 1046 ut
1119 985 1208 1047 loeus
1221 984 1301 1048 olim

288 1096 333 1160 sio
357 1100 457 1164 lectus
482 1098 582 1163 fuerit
595 1071 618 1160 ε’

332 1221 397 1301 Hs.
442 1220 489 1281 Τὸ
508 1221 550 1299 μὴ
569 1223 687 1298 μαθεῖν
705 1237 754 1281 σοι
774 1223 913 1298 κρεῖσσον
932 1223 1086 1301 quaesto
1109 1214 1195 1282 τάδε.

436 1331 490 1398 “A
507 1333 557 1398 δεῖ
572 1334 746 1414 γενέσθαι,
770 1339 871 1400 ταῦτα
891 1338 945 1397 καὶ
964 1340 1137 1416 γενήσεται.
1257 1370 1261 1378 =

278 1481 283 1490 ·
333 1448 402 1516 Ἰώ.
439 1456 547 1532 Meiros
571 1477 608 1534 με
630 1457 752 1536 κρύψῃς
769 1455 857 1515 τοῦθ’
877 1453 953 1536 ὅπερ
972 1450 1075 1534 μέλλω
1098 1457 1227 1515 παθεῖν.

331 1564 440 1651 Quam
462 1569 656 1632 sententiam
677 1568 797 1632 habere
819 1589 938 1653 queso
959 1571 1187 1644 commendet,
1202 1587 1301 1632 nemo

287 1685 430 1770 negabit.
475 1683 528 1749 Sio
550 1685 638 1748 enim
663 1686 802 1769 aequalis
826 1707 980 1750 versuum
1004 1683 1191 1749 distributio
1210 1685 1300 1748 resti-

287 1801 412 1874 tuitur,
436 1814 469 1866 et
491 1802 685 1866 sententiam
703 1802 862 1866 habemus
882 1803 1033 1866 orationis
1054 1805 1151 1865 nexui
1173 1822 1301 1866 nocom-

179 1961 184 1972 ι
288 1921 469 1985 modatam.
515 1918 750 2004 Quamquam,
774 1933 811 1986 ut
834 1942 952 1987 verum
975 1923 1096 1996 fatear,
1120 1941 1222 2004 quara
1245 1920 1302 1984 illo

287 2057 383 2102 versu
414 2037 530 2102 omisso
563 2037 620 2102 Jus
651 2058 843 2122 responsum
866 2038 975 2103 minus
999 2050 1114 2120 aptum
1139 2037 1199 2112 eit,
1234 2057 1301 2100 non

288 2153 393 2219 video.
438 2159 498 2220 Tol
530 2155 659 2244 (malim
687 2156 777 2220 enim
800 2175 877 2219 oum
897 2155 1082 2230 Ellendtio‚
1114 2157 1177 2218 lex.
1200 2151 1300 2236 Soph.

287 2271 308 2335 i.
326 2293 358 2338 v.
382 2279 422 2355 μή
445 2297 493 2337 τοι
515 2274 688 2356 separatim
707 2270 860 2357 scribere)
886 2273 919 2335 in
943 2272 1193 2336 haeverborum
1209 2291 1300 2335 eom-

288 2389 439 2471 plexione
462 2389 622 2453 enuntiati
647 2390 714 2453 vim
740 2403 847 2476 auget.
894 2387 1008 2474 Quum
1031 2388 1245 2452 Prometheus
1261 2388 1303 2451 si-

288 2506 440 2594 gnificet,
463 2528 496 2570 se
519 2507 688 2582 dubitare,
712 2530 754 2572 an
777 2508 831 2573 Ius
855 2510 985 2595 rogatui
1008 2530 1074 2572 non
1098 2528 1226 2572 morem
1247 2527 1302 2593 ge-

288 2635 361 2700 rat,
391 2621 447 2698 Io,
470 2643 511 2686 ne
536 2644 633 2700 vero,
657 2624 783 2709 inquit,
807 2645 861 2689 me
888 2629 968 2690 celes
997 2626 1093 2701 illud,
1119 2628 1208 2708 quod
1227 2644 1302 2706 per-

288 2761 420 2825 pessura
451 2762 536 2806 sum.
582 2740 702 2808 Similis
725 2765 799 2808 usus
835 2743 1012 2826 particulae
1040 2756 1087 2807 est
1115 2743 1193 2809 Ant.
1222 2741 1302 2806 539.

290 2859 389 2923 Ἀντ.
417 2863 534 2938 Λόγοις
562 2859 591 2924 δ’
620 2861 680 2940 ἐγὼ
711 2861 863 2943 φιλοῦσαν
888 2862 924 2926 οὐ
949 2862 1066 2944 στέργω
1087 2860 1194 2943 φίλην.
1219 2863 1299 2942 Ἰσμ.

289 2981 348 3057 Μή
373 2999 422 3040 τοι
445 2983 618 3060 κασιγνήτη
640 2980 673 3060 μ’
690 2981 841 3065 ἀτιμάσῃς
869 2982 968 3061 τὸμὴ
992 2980 1028 3044 οὐ
1054 2981 1302 3044 aussoreno

290 3117 348 3159 σοι.
394 3091 518 3171 Porro,
541 3096 630 3177 quod
651 3093 765 3160 Herm.
787 3093 907 3161 miram
932 3094 1012 3160 dicit
1035 3093 1226 3161 scholiastae
1242 3116 1298 3158 an-

289 3212 509 3287 notationem,
533 3225 580 3276 ast
598 3233 673 3276 sane
696 3213 787 3288 talis,
811 3234 893 3296 qnae
913 3215 954 3278 ad
974 3227 1089 3297 poetae
1105 3211 1300 3276 sententiam

289 3327 547 3410 perspiciendam
566 3349 684 3413 parum
703 3343 759 3394 aut
782 3327 866 3393 nihil
885 3331 997 3408 facian
1022 3334 1078 3396 sed
1094 3354 1113 3394 a
1132 3325 1241 3393 schol.
1255 3333 1301 3392 Γ.

290 3448 331 3511 ad
348 3448 403 3510 88.
420 3468 537 3530 supra,
560 3446 597 3511 B.
619 3451 660 3513 ad
680 3446 769 3532 Sept.
791 3449 868 3512 294.
891 3470 959 3512 non
983 3449 1091 3512 niinus
1108 3449 1211 3512 aliena
1228 3443 1302 3530 phi·

288 3566 498 3647 Iosophornm
534 3565 654 3647 piacita
685 3567 792 3630 afferri
826 3568 942 3631 uideas.
998 3565 1111 3649 Neque
1137 3578 1302 3648 postrema

289 3681 400 3757 scholii
425 3681 524 3744 verba
544 3703 639 3746 sensu
661 3685 812 3748 destituta
832 3696 926 3761 sunt3
952 3696 1020 3748 tota
1038 3682 1203 3747 annotatio
1220 3678 1304 3744 haee

290 3809 377 3861 ett:-
402 3801 623 3882 Ἐπικούρειον
654 3799 718 3863 ἔστι
744 3800 846 3883 δόγμα
871 3803 1023 3886 α’ναιροῦν
1050 3806 1108 3884 τὴν
1132 3805 1299 3882 μαντικήν·

290 3914 473 3999 sisinnatium
494 3918 565 4001 γὰρ,
586 3919 676 4002 φησὶ,
701 3924 806 3984 πάντα
830 3925 1017 4004 κρατοεῖσης,
1040 3922 1100 4004 πρὸ
1124 3928 1231 4004 καιροῦ
1253 3916 1301 3982 λε-

290 4031 447 4116 tuaequae,
484 4033 572 4108 εἰδὼς
607 4036 653 4124 (v.
682 4034 793 4122 εἰπὼν)
819 4040 876 4120 τὴν
901 4040 1079 4122 συμφορὰν,
1112 4041 1148 4102 τὸ
1172 4037 1303 4123 χρηστὸν

290 4151 324 4218 δὲ
334 4200 345 4231 ,
366 4156 424 4232 τὴν
443 4151 573 4236 ἡδονὴν,
595 4151 754 4231 ἐξέλυσας.
800 4157 935 4237 Λέγουσι
955 4155 989 4221 tt
1009 4157 1063 4221 καὶ
1081 4159 1126 4220 τὸ·
1150 4155 1241 4220 utet
1253 4177 1302 4234 ys-
