3050 5034
733 1077 784 1118 M

318 1243 598 1358 vrttlls
647 1244 1196 1344 Lucrluttluus

734 1469 779 1510 111

445 1618 793 1690 PROMETHEO
842 1610 1070 1693 VINCTO.
1162 1683 1188 1708 „

643 1888 850 1921 -000-

301 2123 335 2186 6.
357 2092 414 2186 Ex
434 2120 559 2186 scholiis
578 2125 622 2186 B.
647 2134 680 2186 et
696 2125 742 2186 Γ.
766 2121 807 2192 nd
823 2121 859 2184 h.
881 2123 904 2184 l.
929 2128 1083 2202 apparet,
1115 2120 1265 2204 antiquos

249 2256 383 2322 quoque
413 2238 604 2322 interpretes
634 2239 668 2302 in
696 2237 786 2301 libris
813 2235 877 2300 suis
901 2236 1064 2300 habuisse:
1090 2237 1264 2320 ἀδαμαντί-

252 2379 318 2429 νοις
340 2355 495 2442 πέόῃσιν,
520 2356 684 2441 α’ῤῥήκτοις
709 2355 849 2438 πέτραις.
896 2353 973 2417 Eius
991 2354 1135 2420 lectionis
1152 2366 1263 2437 patro-

252 2473 374 2536 cinium
403 2493 509 2557 nuper
537 2473 675 2555 suscepit
697 2472 735 2537 F.
757 2471 941 2545 Wieseler,
978 2470 1012 2534 in
1035 2467 1264 2536 Adversarii«

251 2591 292 2653 in
309 2587 430 2656 Aesolt.
455 2587 576 2654 Prom.
598 2588 645 2657 V.
668 2601 699 2653 et
717 2585 901 2674 Aristoph.
919 2584 1009 2652 Aoos
1028 2588 1134 2675 (Gott.
1151 2587 1262 2674 1843),

251 2729 286 2790 p.
309 2710 344 2784 3,
360 2729 433 2791 sq„
457 2709 531 2792 qui,
552 2707 668 2771 venula
681 2709 716 2772 ἐι
729 2708 965 2770 nonnullorum
979 2705 1140 2770 librorum
1153 2720 1263 2772 auctu·

250 2823 346 2889 ritate
369 2836 519 2907 recepte,
541 2822 587 2887 sio
610 2820 707 2908 legit:

368 2937 599 3020 ἀδαμαντίνως
620 2937 731 3011 πέδαις
752 2940 786 3003 ἐν
810 2939 974 3024 α’ρῤήκτοις
996 2939 1143 3023 πέτραις,
1244 2987 1247 2995 ·

251 3065 290 3120 ut
318 3054 434 3118 Robur
463 3055 564 3130 dieat,
591 3053 829 3119 Prometheum
854 3043 1043 3120 firmissimo
1066 3037 1195 3121 tinnulo
1221 3058 1261 3120 ed

249 3193 369 3256 rupem
398 3171 598 3258 elligendum
629 3191 709 3246 esse,
744 3170 809 3245 ite,
845 3183 884 3234 nt
908 3171 975 3253 ipss
1008 3191 1089 3252 rupe
1117 3171 1261 3258 infrugili

249 3289 441 3356 oonstrictus
463 3299 626 3364 tenentum
650 3289 686 3352 h.
709 3308 737 3352 e.
758 3300 796 3351 ut
818 3307 932 3351 saxum
954 3287 1149 3352 Prometheo
1169 3289 1260 3372 quasi

249 3405 418 3471 vinculum
442 3404 500 3482 sit;
526 3415 625 3487 atque
647 3406 732 3467 huno
756 3403 789 3466 in
810 3417 955 3485 purtem,
991 3417 1118 3487 praeter
1149 3407 1259 3470 locum
1393 3469 1396 3474 .

249 3523 381 3588 Achillis
411 3523 514 3597 Tatii,
550 3519 611 3586 111.
634 3523 667 3586 8.
691 3519 816 3585 uttam
853 3521 901 3607 (in
932 3519 1074 3607 imagine
1100 3521 1256 3605 quedem)

248 3645 268 3704 o‘
287 3643 475 3725 Προμηθεύς
499 3638 614 3722 σιδήρῳ
634 3640 687 3702 καὶ
708 3637 823 3722 πέτρᾳ,
847 3639 941 3701 nii‘ert
960 3639 1053 3702 huius
1073 3638 1202 3704 fabulae
1226 3661 1257 3706 v.

250 3757 333 3830 561,
357 3757 415 3819 ubi
434 3754 646 3822 Prometheus
663 3755 782 3820 dicitur
804 3754 943 3842 χαλινοῖς
962 3759 996 3822 ἐι
1013 3759 1184 3841 πιτρίιοιαι
1197 3783 1258 3844 χει-

246 3872 412 3954 μάζεσθαι.
436 3874 479 3940 Et
500 3875 545 3938 sio
564 3873 716 3938 Titanem
737 3874 814 3956 rupi
834 3874 967 3936 affixum
987 3876 1159 3937 nonnullos
1171 3874 1258 3938 inter

246 3989 397 4076 antiquos
423 3988 484 4053 sibi
505 3990 712 4068 informasse,
746 4003 881 4072 apparet
908 4011 946 4053 ex
970 3990 1128 4075 imagine,
1154 4011 1255 4074 quem

1124 4109 1139 4168 1
