2988 5020
757 413 819 474 116

298 615 478 700 quidquam
500 637 564 682 esse
584 615 772 682 eununereii
792 637 869 680 cum
891 615 1083 698 improbis.”
1119 613 1182 680 Sed
1201 637 1312 699 quum

295 731 443 798 Eteocles
466 748 685 817 conqueratur
707 734 799 798 sortis
822 719 1052 817 iniquiiatem,
1076 755 1160 816 quae
1187 733 1312 815 probos

297 845 531 935 improbosque
564 853 678 915 eodem
713 854 783 914 loco
816 847 952 926 habeat,
988 851 1178 932 Amphiarai
1207 849 1311 934 igitur

299 964 518 1032 infortunium
550 943 756 1032 miseratione
784 965 923 1054 dignum
947 981 1059 1050 putet,
1090 967 1218 1040 ἐκδίκως
1238 988 1312 1029 sen-

253 1145 261 1152 ,
298 1082 345 1145 sui
369 1083 474 1165 aptius
500 1084 638 1150 videtur.
678 1087 731 1148 Ad
751 1084 944 1148 sententiam
979 1087 1022 1148 af.
1055 1084 1200 1168 Theogn.
1222 1085 1310 1158 377,

296 1220 310 1262 s
359 1241 369 1262 .

312 1219 422 1381 qq595.
444 1317 485 1382 A.
520 1321 561 1382 ad
594 1319 679 1382 598:
715 1279 842 1401 πομπὴν
865 1323 923 1400 τὴν
946 1315 1083 1403 μακρὰν]
1110 1321 1161 1382 ini
1184 1322 1242 1398 τὴν
1265 1321 1311 1390 εἷς

296 1432 379 1518 ᾅδην
403 1436 554 1502 ἀποικίαν
579 1436 802 1518 {inusurpatus
827 1435 933 1518 μολεῖν
956 1440 1015 1516 τὴν
1033 1437 1183 1502 ἐναντίαν
1207 1443 1246 1518 τῇ
1264 1439 1310 1508 είς

296 1548 430 1634 Ἄργος,
454 1552 549 1618 Haud
568 1553 632 1620 seio
654 1577 696 1620 an
716 1558 781 1619 duo
799 1555 852 1618 bic
872 1551 1049 1617 babeamus
1069 1553 1204 1627 scholia,
1225 1573 1308 1637 quu-

297 1690 372 1732 rum
399 1671 487 1752 prius
511 1672 626 1759 (usque
649 1673 691 1734 ad
710 1671 790 1755 ἐίν.)
815 1672 975 1754 pertineat
995 1672 1035 1734 ad
1059 1669 1231 1734 lectionem
1252 1674 1308 1733 πό-

297 1783 367 1860 λιν,
399 1788 542 1850 alterum
568 1789 610 1852 ad
631 1786 739 1852 πάλιν.
784 1785 888 1852 Πόλιν
912 1788 1011 1852 habet
1033 1785 1140 1851 Seboi.
1165 1786 1201 1850 Β.
1229 1807 1306 1850 cum

297 1901 355 1966 Ar.
401 1903 449 1966 De
472 1901 637 1968 uocabulis
661 1904 758 1970 πάλιν
782 1918 815 1969 et
839 1904 934 1971 πόλιν
959 1905 1096 1968 confusis
1122 1905 1186 1968 uid.
1208 1903 1303 1968 Vale-

297 2022 372 2084 ken.
397 2023 438 2084 ad
463 2020 583 2087 Pboen.
609 2023 690 2099 732,
715 2021 838 2108 Unger.
862 1999 975 2086 Parasi.
999 2044 1032 2104 p.
1060 2023 1142 2096 150,
1165 2043 1214 2105 sq.
1236 2027 1301 2085 Πά-

297 2136 348 2203 λιν
379 2139 404 2203 si
437 2138 612 2213 scribitur,
637 2137 903 2230 ebnstruendum·
925 2153 989 2204 est:
1021 2141 1159 2204 τείνουσι
1178 2143 1304 2220 πομπὴν

297 2261 421 2342 μακρὸν
455 2254 579 2345 (οὖσαν)
614 2255 710 2323 πάλιν
745 2255 868 2339 μολεῖν,
892 2259 985 2320 viam
1020 2257 1157 2342 tanqam
1189 2255 1306 2320 reditu

297 2360 331 2436 b.
349 2395 377 2437 e.
401 2375 653 2438 irremeabilem.
696 2372 749 2439 Sic
768 2373 867 2456 Sopb.
890 2372 970 2439 Oed.
989 2372 1060 2439 Col.
1084 2375 1161 2437 662.
1187 2379 1305 2457 μακρόν

297 2487 453 2568 πέλανος,
478 2489 568 2576 quod
588 2513 684 2554 νιινιο
700 2489 816 2576 facile
840 2494 979 2555 emetiri
1000 2503 1129 2577 potest,
1161 2513 1222 2554 nee
1244 2491 1306 2554 dis-

295 2607 430 2681 similia,
461 2628 544 2691 quae
574 2609 666 2672 affert
688 2607 814 2694 Musgr.
847 2611 887 2673 ad
908 2606 1009 2692 Sopb.
1035 2607 1115 2672 Oed.
1143 2609 1181 2672 T.
1209 2611 1305 2672 1249.

295 2725 466 2811 Significat
501 2727 595 2790 viam
631 2725 678 2790 οιί
708 2725 852 2812 inferos.
913 2725 998 2790 Male
1029 2739 1138 2790 autem
1183 2725 1303 2790 Blomf.

296 2844 415 2926 aliique
445 2847 565 2937 <ppassim
598 2846 653 2930 βίᾳ
684 2845 940 2926 interpretantur
966 2846 1078 2908 invito
1101 2847 1239 2919 ονιίιηος
1266 2845 1306 2907 si-

206 3029 208 3036 ,
296 2961 429 3048 gnificat
460 2960 589 3038 stulte3
620 2964 676 3046 βίᾳ
699 2965 784 3035 τινὸς
809 2962 896 3024 enim
918 2963 1039 3026 dieitur
1072 2965 1161 3046 quod
1193 2964 1305 3025 invito

296 3081 418 3167 aliquo
449 3075 494 3162 fit
531 3076 661 3165 (Blomf.
692 3081 732 3142 in
759 3081 850 3164 spise
886 3077 939 3164 of,
978 3100 1053 3143 nos:
1087 3083 1126 3144 ι’νι
1160 3079 1307 3150 ιοοιιῑιοίί

296 3197 390 3284 aaa),
414 3199 523 3281 itaque
546 3198 602 3284 βίᾳ
627 3200 749 3282 φρενῶν
771 3197 952 3282 significare
974 3210 1078 3278 potest
1106 3208 1229 3260 eontra
1251 3218 1305 3258 sa-

295 3339 378 3380 num
414 3327 576 3391 mentem,
617 3337 720 3399 eaque
751 3315 840 3380 notio
876 3315 929 3378 bic
960 3327 1095 3398 propter
1127 3315 1305 3380 verborum

296 3433 539 3499 mllocationem
564 3453 677 3514 paene
709 3431 883 3495 necessaria
913 3443 970 3494 est.
1024 3433 1148 3496 Τείνειν
1179 3435 1306 3512 πομπὴν

295 3558 409 3614 ornate
434 3563 466 3613 et
488 3551 631 3634 praviter
651 3549 776 3614 dicrum
797 3568 858 3630 pro
882 3551 996 3613 τείνειν
1027 3550 1175 3632 πορείαν,
1209 3547 1304 3620 ὁδὸν,

297 3667 430 3730 tendere
460 3667 525 3730 sive
548 3665 692 3752 ingredi
714 3669 794 3728 iter.
841 3663 950 3748 Quare
975 3685 1081 3728 sensus
1105 3678 1169 3728 est:
1204 3666 1306 3728 iustus

295 3806 373 3849 eum
398 3783 556 3874 improbis
584 3783 705 3846 mixtus
730 3783 816 3845 viam
841 3785 970 3847 letalem
994 3783 1159 3868 ingressis,
1191 3786 1305 3847 eodem

296 3909 385 3975 satu,
417 3901 463 3964 sic
493 3901 620 3964 volente
647 3898 740 3974 love,
774 3902 974 3982 auferetur.''
1021 3900 1136 3982 Itaque
1165 3922 1230 3964 non
1260 3902 1309 3964 vi-

296 4023 380 4093 deo,
417 4039 516 4102 quare
553 4039 661 4081 uersus
693 4015 747 4080 hin
780 4041 798 4081 a
828 4016 997 4081 Dindorfio
1030 4019 1156 4099 spurius
1183 4018 1223 4080 sit
1259 4018 1309 4080 iu·
