<?xml version="1.0" encoding="UTF-8"?>
<!DOCTYPE html PUBLIC "-//W3C//DTD XHTML 1.0 Transitional//EN"
    "http://www.w3.org/TR/xhtml1/DTD/xhtml1-transitional.dtd">
<html xmlns="http://www.w3.org/1999/xhtml" xml:lang="en" lang="en">
 <head>
  <title>
</title>
<meta http-equiv="Content-Type" content="text/html;charset=utf-8" />
  <meta name='ocr-system' content='tesseract 3.04.00' />
  <meta name='ocr-capabilities' content='ocr_page ocr_carea ocr_par ocr_line ocrx_word'/>
</head>
<body>
  <div class='ocr_page' id='page_1' title='image "./disputatiocriti00frangoog_0178.png"; bbox 0 0 2988 5020; ppageno 0'>
   <div class='ocr_carea' id='block_1_1' title="bbox 710 367 777 430">
    <p class='ocr_par' dir='ltr' id='par_1_1' title="bbox 710 367 777 430">
     <span class='ocr_line' id='line_1_1' title="bbox 710 367 777 430; baseline 0 0"><span class='ocrx_word' id='word_1_1' title='bbox 710 367 777 430; x_wconf 79' lang='grc'><strong>147</strong></span> 
     </span>
    </p>
   </div>
   <div class='ocr_carea' id='block_1_2' title="bbox 153 568 1247 4056">
    <p class='ocr_par' dir='ltr' id='par_1_2' title="bbox 153 568 1247 4056">
     <span class='ocr_line' id='line_1_2' title="bbox 228 568 1244 659; baseline 0 -23"><span class='ocrx_word' id='word_1_2' title='bbox 228 584 329 656; x_wconf 86' lang='lat' dir='ltr'><strong>petur</strong></span> <span class='ocrx_word' id='word_1_3' title='bbox 350 572 444 656; x_wconf 79' lang='lat' dir='ltr'><strong>(Eur.</strong></span> <span class='ocrx_word' id='word_1_4' title='bbox 466 568 581 655; x_wconf 88' lang='lat' dir='ltr'><strong>Suppl.</strong></span> <span class='ocrx_word' id='word_1_5' title='bbox 604 571 687 647; x_wconf 84' lang='grc'>332,</span> <span class='ocrx_word' id='word_1_6' title='bbox 711 570 774 658; x_wconf 76' lang='lat' dir='ltr'><strong>Ag.</strong></span> <span class='ocrx_word' id='word_1_7' title='bbox 798 574 855 650; x_wconf 75' lang='lat'><strong>33,</strong></span> <span class='ocrx_word' id='word_1_8' title='bbox 880 569 1005 658; x_wconf 78' lang='lat' dir='ltr'><strong>Myrm.</strong></span> <span class='ocrx_word' id='word_1_9' title='bbox 1032 574 1133 659; x_wconf 85' lang='lat' dir='ltr'><strong>frgrn.</strong></span> <span class='ocrx_word' id='word_1_10' title='bbox 1154 572 1244 658; x_wconf 83' lang='grc'>126),</span> 
     </span>
     <span class='ocr_line' id='line_1_3' title="bbox 229 688 1243 777; baseline -0.005 -20"><span class='ocrx_word' id='word_1_11' title='bbox 229 689 426 777; x_wconf 70' lang='grc' dir='ltr'><strong><em>ἀναβάλλειν</em></strong></span> <span class='ocrx_word' id='word_1_12' title='bbox 461 688 612 758; x_wconf 71' lang='grc' dir='ltr'><strong>κίνδυνον</strong></span> <span class='ocrx_word' id='word_1_13' title='bbox 642 691 755 754; x_wconf 88' lang='lat' dir='ltr'><strong>eadem</strong></span> <span class='ocrx_word' id='word_1_14' title='bbox 788 691 980 772; x_wconf 76' lang='lat' dir='ltr'><strong>metaphora</strong></span> <span class='ocrx_word' id='word_1_15' title='bbox 1002 689 1065 755; x_wconf 91' lang='lat' dir='ltr'><strong>dici</strong></span> <span class='ocrx_word' id='word_1_16' title='bbox 1091 690 1243 773; x_wconf 86' lang='lat' dir='ltr'><strong>potnerit.</strong></span> 
     </span>
     <span class='ocr_line' id='line_1_4' title="bbox 230 805 1247 896; baseline -0.002 -24"><span class='ocrx_word' id='word_1_17' title='bbox 230 806 386 873; x_wconf 81' lang='lat' dir='ltr'><strong>Herodoti</strong></span> <span class='ocrx_word' id='word_1_18' title='bbox 409 810 516 880; x_wconf 84' lang='lat' dir='ltr'><strong>loeus,</strong></span> <span class='ocrx_word' id='word_1_19' title='bbox 544 827 643 892; x_wconf 81' lang='lat' dir='ltr'><strong>quent</strong></span> <span class='ocrx_word' id='word_1_20' title='bbox 667 809 761 872; x_wconf 78' lang='lat' dir='ltr'><strong>affert</strong></span> <span class='ocrx_word' id='word_1_21' title='bbox 785 805 994 876; x_wconf 84' lang='lat' dir='ltr'><strong>Wellauerus</strong></span> <span class='ocrx_word' id='word_1_22' title='bbox 1023 808 1079 896; x_wconf 85' lang='lat' dir='ltr'><strong>(V.</strong></span> <span class='ocrx_word' id='word_1_23' title='bbox 1104 810 1145 872; x_wconf 84' lang='lat'><strong>49</strong></span> <span class='ocrx_word' id='word_1_24' title='bbox 1168 809 1247 872; x_wconf 78' lang='grc' dir='ltr'><strong><em>οἰνα-</em></strong></span> 
     </span>
     <span class='ocr_line' id='line_1_5' title="bbox 221 921 1245 1012; baseline 0 -24"><span class='ocrx_word' id='word_1_25' title='bbox 221 922 403 1012; x_wconf 56' lang='lat' dir='ltr'><strong>nutrcem</strong></span> <span class='ocrx_word' id='word_1_26' title='bbox 428 921 544 1010; x_wconf 76' lang='grc' dir='ltr'><strong><em>μάχας)</em></strong></span> <span class='ocrx_word' id='word_1_27' title='bbox 578 926 711 988; x_wconf 84' lang='lat' dir='ltr'><strong>fortasse</strong></span> <span class='ocrx_word' id='word_1_28' title='bbox 745 943 812 989; x_wconf 89' lang='lat' dir='ltr'><strong>uon</strong></span> <span class='ocrx_word' id='word_1_29' title='bbox 844 923 961 988; x_wconf 89' lang='lat' dir='ltr'><strong>iniuria</strong></span> <span class='ocrx_word' id='word_1_30' title='bbox 986 923 1106 989; x_wconf 85' lang='lat' dir='ltr'><strong>criticis</strong></span> <span class='ocrx_word' id='word_1_31' title='bbox 1129 945 1245 1006; x_wconf 82' lang='lat' dir='ltr'><strong>suspe-</strong></span> 
     </span>
     <span class='ocr_line' id='line_1_6' title="bbox 227 1041 400 1106; baseline -0.006 0"><span class='ocrx_word' id='word_1_32' title='bbox 227 1054 301 1106; x_wconf 76' lang='lat' dir='ltr'><strong>ctus</strong></span> <span class='ocrx_word' id='word_1_33' title='bbox 325 1041 400 1105; x_wconf 68' lang='lat' dir='ltr'><strong>fuit.v</strong></span> 
     </span>
     <span class='ocr_line' id='line_1_7' title="bbox 153 1158 1245 1244; baseline 0 -22"><span class='ocrx_word' id='word_1_34' title='bbox 153 1209 163 1222; x_wconf 52' lang='lat'><em>2</em></span> <span class='ocrx_word' id='word_1_35' title='bbox 275 1161 371 1223; x_wconf 84' lang='lat'>1024.</span> <span class='ocrx_word' id='word_1_36' title='bbox 395 1162 495 1242; x_wconf 73' lang='grc' dir='ltr'><strong><em>Κακῷ</em></strong></span> <span class='ocrx_word' id='word_1_37' title='bbox 513 1158 553 1222; x_wconf 85' lang='lat' dir='ltr'><strong>A.</strong></span> <span class='ocrx_word' id='word_1_38' title='bbox 580 1160 621 1224; x_wconf 84' lang='lat' dir='ltr'><strong>ad</strong></span> <span class='ocrx_word' id='word_1_39' title='bbox 646 1161 748 1236; x_wconf 90' lang='grc'>1011,</span> <span class='ocrx_word' id='word_1_40' title='bbox 773 1162 880 1226; x_wconf 71' lang='grc' dir='ltr'><strong><em>κακῶν</em></strong></span> <span class='ocrx_word' id='word_1_41' title='bbox 905 1163 1014 1244; x_wconf 82' lang='lat' dir='ltr'><strong>plures</strong></span> <span class='ocrx_word' id='word_1_42' title='bbox 1032 1159 1123 1235; x_wconf 84' lang='lat' dir='ltr'><strong>libri,</strong></span> <span class='ocrx_word' id='word_1_43' title='bbox 1147 1159 1245 1243; x_wconf 91' lang='lat' dir='ltr'><strong>idque</strong></span> 
     </span>
     <span class='ocr_line' id='line_1_8' title="bbox 223 1271 1244 1362; baseline 0.002 -26"><span class='ocrx_word' id='word_1_44' title='bbox 223 1276 421 1348; x_wconf 80' lang='lat' dir='ltr'><strong>Wellauero</strong></span> <span class='ocrx_word' id='word_1_45' title='bbox 434 1277 567 1358; x_wconf 81' lang='lat' dir='ltr'><strong>placuit.</strong></span> <span class='ocrx_word' id='word_1_46' title='bbox 580 1275 671 1344; x_wconf 86' lang='lat' dir='ltr'><strong>Voss.</strong></span> <span class='ocrx_word' id='word_1_47' title='bbox 691 1280 717 1340; x_wconf 88' lang='lat' dir='ltr'><strong>l:</strong></span> <span class='ocrx_word' id='word_1_48' title='bbox 733 1277 786 1342; x_wconf 76' lang='grc' dir='ltr'><strong>διὰ</strong></span> <span class='ocrx_word' id='word_1_49' title='bbox 809 1279 899 1342; x_wconf 79' lang='grc' dir='ltr'><strong><em>τοῦτο’</em></strong></span> <span class='ocrx_word' id='word_1_50' title='bbox 920 1276 1072 1356; x_wconf 68' lang='grc' dir='ltr'><strong>θέλουσα,</strong></span> <span class='ocrx_word' id='word_1_51' title='bbox 1096 1271 1121 1342; x_wconf 86' lang='grc' dir='ltr'>ὦ</span> <span class='ocrx_word' id='word_1_52' title='bbox 1145 1281 1244 1362; x_wconf 77' lang='grc' dir='ltr'>ψυχὴ,</span> 
     </span>
     <span class='ocr_line' id='line_1_9' title="bbox 224 1390 1243 1480; baseline -0.002 -22"><span class='ocrx_word' id='word_1_53' title='bbox 224 1396 371 1460; x_wconf 75' lang='grc' dir='ltr'><strong>κοινώνει</strong></span> <span class='ocrx_word' id='word_1_54' title='bbox 395 1399 435 1476; x_wconf 82' lang='grc' dir='ltr'><strong>τῇ</strong></span> <span class='ocrx_word' id='word_1_55' title='bbox 446 1398 630 1476; x_wconf 74' lang='grc' dir='ltr'><strong>συγκοφόσῳ</strong></span> <span class='ocrx_word' id='word_1_56' title='bbox 653 1396 740 1476; x_wconf 68' lang='grc' dir='ltr'><em>φρενὶ</em></span> <span class='ocrx_word' id='word_1_57' title='bbox 756 1393 881 1480; x_wconf 78' lang='grc' dir='ltr'>(ἄκοντι</span> <span class='ocrx_word' id='word_1_58' title='bbox 895 1400 982 1480; x_wconf 77' lang='grc' dir='ltr'><strong><em>κακῷ</em></strong></span> <span class='ocrx_word' id='word_1_59' title='bbox 995 1390 1131 1477; x_wconf 81' lang='lat' dir='ltr'><strong>excidit)</strong></span> <span class='ocrx_word' id='word_1_60' title='bbox 1146 1399 1243 1476; x_wconf 78' lang='grc' dir='ltr'><em>ἤγουν</em></span> 
     </span>
     <span class='ocr_line' id='line_1_10' title="bbox 226 1507 1244 1600; baseline -0.003 -24"><span class='ocrx_word' id='word_1_61' title='bbox 226 1516 271 1596; x_wconf 83' lang='grc' dir='ltr'><strong>τῷ</strong></span> <span class='ocrx_word' id='word_1_62' title='bbox 294 1509 482 1575; x_wconf 74' lang='grc' dir='ltr'><em>Πολυνείκει</em></span> <span class='ocrx_word' id='word_1_63' title='bbox 507 1514 594 1594; x_wconf 82' lang='grc' dir='ltr'><strong><em>κακῷ</em></strong></span> <span class='ocrx_word' id='word_1_64' title='bbox 620 1510 776 1595; x_wconf 70' lang='grc' dir='ltr'><strong>γινομένῳ</strong></span> <span class='ocrx_word' id='word_1_65' title='bbox 804 1511 879 1600; x_wconf 86' lang='lat' dir='ltr'><strong>(leg.</strong></span> <span class='ocrx_word' id='word_1_66' title='bbox 893 1507 974 1595; x_wconf 72' lang='lat' dir='ltr'><strong>yse.)</strong></span> <span class='ocrx_word' id='word_1_67' title='bbox 1000 1516 1123 1577; x_wconf 80' lang='grc' dir='ltr'><strong>ἄκοντι.</strong></span> <span class='ocrx_word' id='word_1_68' title='bbox 1148 1509 1244 1575; x_wconf 87' lang='lat' dir='ltr'><strong>Mon·</strong></span> 
     </span>
     <span class='ocr_line' id='line_1_11' title="bbox 225 1626 1244 1711; baseline -0.005 -14"><span class='ocrx_word' id='word_1_69' title='bbox 225 1640 331 1697; x_wconf 79' lang='lat' dir='ltr'><strong>etrum</strong></span> <span class='ocrx_word' id='word_1_70' title='bbox 364 1627 513 1692; x_wconf 78' lang='lat' dir='ltr'><strong>vocabuli</strong></span> <span class='ocrx_word' id='word_1_71' title='bbox 537 1631 721 1711; x_wconf 76' lang='grc' dir='ltr'><strong>συγκοφόνῳ</strong></span> <span class='ocrx_word' id='word_1_72' title='bbox 751 1627 873 1694; x_wconf 86' lang='lat' dir='ltr'><strong>exstitit</strong></span> <span class='ocrx_word' id='word_1_73' title='bbox 907 1631 1040 1694; x_wconf 81' lang='lat' dir='ltr'><strong>sortasse</strong></span> <span class='ocrx_word' id='word_1_74' title='bbox 1063 1626 1244 1692; x_wconf 82' lang='lat' dir='ltr'><strong>commixta</strong></span> 
     </span>
     <span class='ocr_line' id='line_1_12' title="bbox 225 1744 1241 1830; baseline -0.004 -18"><span class='ocrx_word' id='word_1_75' title='bbox 225 1766 303 1812; x_wconf 84' lang='lat' dir='ltr'><strong>vera</strong></span> <span class='ocrx_word' id='word_1_76' title='bbox 325 1744 463 1810; x_wconf 90' lang='lat' dir='ltr'><strong>lectione</strong></span> <span class='ocrx_word' id='word_1_77' title='bbox 486 1747 630 1829; x_wconf 73' lang='grc' dir='ltr'><strong>συγγόνῳ</strong></span> <span class='ocrx_word' id='word_1_78' title='bbox 654 1766 732 1810; x_wconf 90' lang='lat' dir='ltr'><strong>curn</strong></span> <span class='ocrx_word' id='word_1_79' title='bbox 757 1747 859 1830; x_wconf 86' lang='lat' dir='ltr'><strong>glossa</strong></span> <span class='ocrx_word' id='word_1_80' title='bbox 876 1748 1041 1830; x_wconf 79' lang='grc' dir='ltr'><strong>συμφώνῳ.</strong></span> <span class='ocrx_word' id='word_1_81' title='bbox 1088 1745 1126 1808; x_wconf 94' lang='lat' dir='ltr'><strong>ln</strong></span> <span class='ocrx_word' id='word_1_82' title='bbox 1149 1758 1241 1810; x_wconf 82' lang='lat' dir='ltr'><strong>textu</strong></span> 
     </span>
     <span class='ocr_line' id='line_1_13' title="bbox 222 1841 1241 1947; baseline 0 -21"><span class='ocrx_word' id='word_1_83' title='bbox 222 1863 307 1926; x_wconf 82' lang='lat' dir='ltr'><strong>illius</strong></span> <span class='ocrx_word' id='word_1_84' title='bbox 319 1862 395 1926; x_wconf 87' lang='lat' dir='ltr'><strong>libri</strong></span> <span class='ocrx_word' id='word_1_85' title='bbox 407 1874 453 1926; x_wconf 91' lang='lat' dir='ltr'><strong>est</strong></span> <span class='ocrx_word' id='word_1_86' title='bbox 465 1841 606 1946; x_wconf 66' lang='grc' dir='ltr'><em>σσγσόσῳ</em></span> <span class='ocrx_word' id='word_1_87' title='bbox 621 1883 720 1945; x_wconf 88' lang='lat' dir='ltr'><strong>supra</strong></span> <span class='ocrx_word' id='word_1_88' title='bbox 732 1860 856 1944; x_wconf 88' lang='lat' dir='ltr'><strong>scripto</strong></span> <span class='ocrx_word' id='word_1_89' title='bbox 869 1867 1016 1947; x_wconf 72' lang='lat' dir='ltr'><strong>ovyydrp.</strong></span> <span class='ocrx_word' id='word_1_90' title='bbox 1027 1899 1072 1912; x_wconf 89' lang='lat'>-</span> <span class='ocrx_word' id='word_1_91' title='bbox 1085 1861 1125 1926; x_wconf 92' lang='lat' dir='ltr'><strong>ln</strong></span> <span class='ocrx_word' id='word_1_92' title='bbox 1137 1862 1241 1927; x_wconf 88' lang='lat' dir='ltr'><strong>verbis</strong></span> 
     </span>
     <span class='ocr_line' id='line_1_14' title="bbox 223 1977 1240 2068; baseline -0.002 -22"><span class='ocrx_word' id='word_1_93' title='bbox 223 1986 336 2046; x_wconf 76' lang='lat' dir='ltr'><strong>deorse</strong></span> <span class='ocrx_word' id='word_1_94' title='bbox 348 1982 492 2046; x_wconf 76' lang='grc' dir='ltr'><strong>κοινώνει</strong></span> <span class='ocrx_word' id='word_1_95' title='bbox 508 1981 583 2068; x_wconf 85' lang='lat' dir='ltr'><strong>(vel,</strong></span> <span class='ocrx_word' id='word_1_96' title='bbox 595 1981 683 2062; x_wconf 89' lang='lat' dir='ltr'><strong>quod</strong></span> <span class='ocrx_word' id='word_1_97' title='bbox 695 1979 821 2054; x_wconf 87' lang='lat' dir='ltr'><strong>malim,</strong></span> <span class='ocrx_word' id='word_1_98' title='bbox 835 1977 991 2065; x_wconf 73' lang='grc' dir='ltr'>κοινωνεῖ)</span> <span class='ocrx_word' id='word_1_99' title='bbox 1006 1984 1124 2056; x_wconf 80' lang='grc' dir='ltr'>κακῶν,</span> <span class='ocrx_word' id='word_1_100' title='bbox 1139 2002 1240 2064; x_wconf 88' lang='lat' dir='ltr'><strong>quern</strong></span> 
     </span>
     <span class='ocr_line' id='line_1_15' title="bbox 221 2089 1247 2163; baseline -0.003 0"><span class='ocrx_word' id='word_1_101' title='bbox 221 2118 353 2163; x_wconf 89' lang='lat' dir='ltr'><strong>sensum</strong></span> <span class='ocrx_word' id='word_1_102' title='bbox 377 2099 449 2161; x_wconf 90' lang='lat' dir='ltr'><strong>loco</strong></span> <span class='ocrx_word' id='word_1_103' title='bbox 473 2097 758 2162; x_wconf 87' lang='lat' dir='ltr'><strong>accommodatum</strong></span> <span class='ocrx_word' id='word_1_104' title='bbox 774 2096 971 2160; x_wconf 85' lang='lat' dir='ltr'><strong>vocabulum</strong></span> <span class='ocrx_word' id='word_1_105' title='bbox 984 2101 1096 2162; x_wconf 77' lang='grc' dir='ltr'><em>ἄκοντι</em></span> <span class='ocrx_word' id='word_1_106' title='bbox 1120 2089 1247 2162; x_wconf 73' lang='lat' dir='ltr'><strong>habere</strong></span> 
     </span>
     <span class='ocr_line' id='line_1_16' title="bbox 221 2208 1238 2300; baseline -0.001 -21"><span class='ocrx_word' id='word_1_107' title='bbox 221 2215 337 2300; x_wconf 81' lang='lat' dir='ltr'><strong>possit,</strong></span> <span class='ocrx_word' id='word_1_108' title='bbox 358 2235 424 2278; x_wconf 91' lang='lat' dir='ltr'><strong>non</strong></span> <span class='ocrx_word' id='word_1_109' title='bbox 446 2213 550 2278; x_wconf 85' lang='lat' dir='ltr'><strong>video.</strong></span> <span class='ocrx_word' id='word_1_110' title='bbox 574 2212 615 2276; x_wconf 92' lang='lat' dir='ltr'><strong>In</strong></span> <span class='ocrx_word' id='word_1_111' title='bbox 632 2214 732 2277; x_wconf 85' lang='lat' dir='ltr'><strong>altera</strong></span> <span class='ocrx_word' id='word_1_112' title='bbox 754 2224 867 2278; x_wconf 90' lang='lat' dir='ltr'><strong>contra</strong></span> <span class='ocrx_word' id='word_1_113' title='bbox 886 2214 1024 2278; x_wconf 88' lang='lat' dir='ltr'><strong>lectione</strong></span> <span class='ocrx_word' id='word_1_114' title='bbox 1035 2208 1116 2280; x_wconf 77' lang='grc' dir='ltr'><em>ἆκσν</em></span> <span class='ocrx_word' id='word_1_115' title='bbox 1127 2216 1238 2291; x_wconf 74' lang='grc' dir='ltr'>κακὸν,</span> 
     </span>
     <span class='ocr_line' id='line_1_17' title="bbox 219 2329 1238 2416; baseline -0.002 -18"><span class='ocrx_word' id='word_1_116' title='bbox 219 2333 354 2398; x_wconf 81' lang='lat' dir='ltr'><strong>molum</strong></span> <span class='ocrx_word' id='word_1_117' title='bbox 365 2332 485 2396; x_wconf 78' lang='lat' dir='ltr'><strong>nolens</strong></span> <span class='ocrx_word' id='word_1_118' title='bbox 496 2343 554 2410; x_wconf 81' lang='lat' dir='ltr'><strong>est,</strong></span> <span class='ocrx_word' id='word_1_119' title='bbox 570 2332 657 2416; x_wconf 90' lang='lat' dir='ltr'><strong>quod</strong></span> <span class='ocrx_word' id='word_1_120' title='bbox 671 2329 854 2394; x_wconf 78' lang='lat' dir='ltr'><strong>nolentibus</strong></span> <span class='ocrx_word' id='word_1_121' title='bbox 867 2331 993 2396; x_wconf 90' lang='lat' dir='ltr'><strong>accidit.</strong></span> <span class='ocrx_word' id='word_1_122' title='bbox 1014 2331 1055 2395; x_wconf 86' lang='lat' dir='ltr'><strong>cf.</strong></span> <span class='ocrx_word' id='word_1_123' title='bbox 1071 2329 1238 2399; x_wconf 86' lang='lat' dir='ltr'><strong>Wunder.</strong></span> 
     </span>
     <span class='ocr_line' id='line_1_18' title="bbox 219 2425 1240 2534; baseline -0.005 -19"><span class='ocrx_word' id='word_1_124' title='bbox 219 2452 261 2526; x_wconf 83' lang='lat' dir='ltr'><strong>ad</strong></span> <span class='ocrx_word' id='word_1_125' title='bbox 283 2448 384 2532; x_wconf 85' lang='lat' dir='ltr'><strong>Soph.</strong></span> <span class='ocrx_word' id='word_1_126' title='bbox 408 2447 491 2516; x_wconf 83' lang='lat' dir='ltr'><strong>Ocd.</strong></span> <span class='ocrx_word' id='word_1_127' title='bbox 516 2448 556 2513; x_wconf 82' lang='lat' dir='ltr'><strong>T.</strong></span> <span class='ocrx_word' id='word_1_128' title='bbox 582 2435 691 2524; x_wconf 81' lang='lat'><strong>1206‘,</strong></span> <span class='ocrx_word' id='word_1_129' title='bbox 716 2445 786 2513; x_wconf 88' lang='lat' dir='ltr'><strong>Col.</strong></span> <span class='ocrx_word' id='word_1_130' title='bbox 809 2449 896 2525; x_wconf 83' lang='lat'><strong>235,</strong></span> <span class='ocrx_word' id='word_1_131' title='bbox 922 2449 998 2514; x_wconf 83' lang='lat'><strong>974.</strong></span> <span class='ocrx_word' id='word_1_132' title='bbox 1045 2448 1160 2534; x_wconf 80' lang='lat' dir='ltr'><strong>ltaque</strong></span> <span class='ocrx_word' id='word_1_133' title='bbox 1185 2425 1240 2518; x_wconf 88' lang='lat' dir='ltr'><strong>di·</strong></span> 
     </span>
     <span class='ocr_line' id='line_1_19' title="bbox 218 2566 1239 2655; baseline -0.003 -20"><span class='ocrx_word' id='word_1_134' title='bbox 218 2567 263 2636; x_wconf 87' lang='lat' dir='ltr'><strong>cit</strong></span> <span class='ocrx_word' id='word_1_135' title='bbox 289 2569 473 2655; x_wconf 76' lang='lat' dir='ltr'><strong>Antigone,</strong></span> <span class='ocrx_word' id='word_1_136' title='bbox 504 2589 538 2631; x_wconf 88' lang='lat' dir='ltr'><strong>se</strong></span> <span class='ocrx_word' id='word_1_137' title='bbox 561 2568 659 2642; x_wconf 88' lang='lat' dir='ltr'><strong>mali,</strong></span> <span class='ocrx_word' id='word_1_138' title='bbox 691 2569 782 2652; x_wconf 92' lang='lat' dir='ltr'><strong>quod</strong></span> <span class='ocrx_word' id='word_1_139' title='bbox 806 2569 907 2632; x_wconf 89' lang='lat' dir='ltr'><strong>nollet</strong></span> <span class='ocrx_word' id='word_1_140' title='bbox 929 2566 1095 2642; x_wconf 85' lang='lat' dir='ltr'><strong>accidisse,</strong></span> <span class='ocrx_word' id='word_1_141' title='bbox 1130 2589 1239 2643; x_wconf 89' lang='lat' dir='ltr'><strong>nuno,</strong></span> 
     </span>
     <span class='ocr_line' id='line_1_20' title="bbox 218 2683 1236 2771; baseline -0.002 -21"><span class='ocrx_word' id='word_1_142' title='bbox 218 2707 325 2771; x_wconf 90' lang='lat' dir='ltr'><strong>quum</strong></span> <span class='ocrx_word' id='word_1_143' title='bbox 350 2685 520 2762; x_wconf 88' lang='lat' dir='ltr'><strong>acciderit,</strong></span> <span class='ocrx_word' id='word_1_144' title='bbox 554 2684 706 2749; x_wconf 87' lang='lat' dir='ltr'><strong>lubenter</strong></span> <span class='ocrx_word' id='word_1_145' title='bbox 732 2684 926 2767; x_wconf 79' lang='lat' dir='ltr'><strong>participem</strong></span> <span class='ocrx_word' id='word_1_146' title='bbox 949 2685 1032 2750; x_wconf 89' lang='lat' dir='ltr'><strong>fieri.</strong></span> <span class='ocrx_word' id='word_1_147' title='bbox 1079 2683 1236 2750; x_wconf 89' lang='lat' dir='ltr'><strong>Ceterum</strong></span> 
     </span>
     <span class='ocr_line' id='line_1_21' title="bbox 217 2779 1237 2887; baseline -0.001 -19"><span class='ocrx_word' id='word_1_148' title='bbox 217 2804 421 2886; x_wconf 86' lang='lat' dir='ltr'><strong>praeclaram</strong></span> <span class='ocrx_word' id='word_1_149' title='bbox 444 2823 508 2868; x_wconf 87' lang='lat' dir='ltr'><strong>esse</strong></span> <span class='ocrx_word' id='word_1_150' title='bbox 543 2802 632 2866; x_wconf 86' lang='lat' dir='ltr'><strong>hano</strong></span> <span class='ocrx_word' id='word_1_151' title='bbox 656 2798 839 2886; x_wconf 74' lang='lat' dir='ltr'><strong>Antigonae</strong></span> <span class='ocrx_word' id='word_1_152' title='bbox 864 2779 1067 2875; x_wconf 77' lang='lat' dir='ltr'><strong>orationem.</strong></span> <span class='ocrx_word' id='word_1_153' title='bbox 1091 2801 1237 2887; x_wconf 84' lang='lat' dir='ltr'><strong>nihilque</strong></span> 
     </span>
     <span class='ocr_line' id='line_1_22' title="bbox 216 2917 1237 3004; baseline 0 -20"><span class='ocrx_word' id='word_1_154' title='bbox 216 2921 251 2985; x_wconf 93' lang='lat' dir='ltr'><strong>in</strong></span> <span class='ocrx_word' id='word_1_155' title='bbox 277 2923 420 3004; x_wconf 70' lang='grc' dir='ltr'><strong>συγγόνῳ</strong></span> <span class='ocrx_word' id='word_1_156' title='bbox 444 2918 643 2983; x_wconf 87' lang='lat' dir='ltr'><strong>mutandum</strong></span> <span class='ocrx_word' id='word_1_157' title='bbox 669 2917 803 2994; x_wconf 82' lang='lat' dir='ltr'><strong>sentiet,</strong></span> <span class='ocrx_word' id='word_1_158' title='bbox 826 2918 884 3002; x_wconf 92' lang='lat' dir='ltr'><strong>qui</strong></span> <span class='ocrx_word' id='word_1_159' title='bbox 910 2919 1031 2983; x_wconf 87' lang='lat' dir='ltr'><strong>horum</strong></span> <span class='ocrx_word' id='word_1_160' title='bbox 1058 2919 1237 2984; x_wconf 84' lang='lat' dir='ltr'><strong>verborum</strong></span> 
     </span>
     <span class='ocr_line' id='line_1_23' title="bbox 217 3034 1236 3124; baseline -0.002 -22"><span class='ocrx_word' id='word_1_161' title='bbox 217 3059 297 3104; x_wconf 87' lang='lat' dir='ltr'><strong>cum</strong></span> <span class='ocrx_word' id='word_1_162' title='bbox 322 3036 515 3124; x_wconf 76' lang='lat' dir='ltr'><strong>praegressis</strong></span> <span class='ocrx_word' id='word_1_163' title='bbox 537 3034 779 3102; x_wconf 87' lang='lat' dir='ltr'><strong>cohaerentiam</strong></span> <span class='ocrx_word' id='word_1_164' title='bbox 799 3034 1076 3101; x_wconf 87' lang='lat' dir='ltr'><strong>animadverterit.</strong></span> <span class='ocrx_word' id='word_1_165' title='bbox 1122 3035 1236 3100; x_wconf 85' lang='lat' dir='ltr'><strong>Neces-</strong></span> 
     </span>
     <span class='ocr_line' id='line_1_24' title="bbox 215 3153 1236 3220; baseline -0.001 0"><span class='ocrx_word' id='word_1_166' title='bbox 215 3153 393 3220; x_wconf 72' lang='lat' dir='ltr'><strong>titudinem</strong></span> <span class='ocrx_word' id='word_1_167' title='bbox 427 3166 460 3218; x_wconf 89' lang='lat' dir='ltr'><strong>et</strong></span> <span class='ocrx_word' id='word_1_168' title='bbox 489 3153 754 3219; x_wconf 88' lang='lat' dir='ltr'><strong>coniunctionem</strong></span> <span class='ocrx_word' id='word_1_169' title='bbox 790 3153 898 3217; x_wconf 85' lang='lat' dir='ltr'><strong>fratris</strong></span> <span class='ocrx_word' id='word_1_170' title='bbox 931 3165 964 3216; x_wconf 85' lang='lat' dir='ltr'><strong>et</strong></span> <span class='ocrx_word' id='word_1_171' title='bbox 994 3153 1112 3218; x_wconf 83' lang='lat' dir='ltr'><strong>sororis</strong></span> <span class='ocrx_word' id='word_1_172' title='bbox 1145 3154 1236 3219; x_wconf 87' lang='lat' dir='ltr'><strong>auxit</strong></span> 
     </span>
     <span class='ocr_line' id='line_1_25' title="bbox 217 3270 1235 3358; baseline -0.003 -19"><span class='ocrx_word' id='word_1_173' title='bbox 217 3283 397 3358; x_wconf 84' lang='lat' dir='ltr'><strong>parentum</strong></span> <span class='ocrx_word' id='word_1_174' title='bbox 424 3271 664 3349; x_wconf 64' lang='lat' dir='ltr'><strong>infortunium</strong></span> <span class='ocrx_word' id='word_1_175' title='bbox 688 3291 805 3336; x_wconf 84' lang='lat' dir='ltr'><strong>verum</strong></span> <span class='ocrx_word' id='word_1_176' title='bbox 829 3290 895 3333; x_wconf 89' lang='lat' dir='ltr'><strong>non</strong></span> <span class='ocrx_word' id='word_1_177' title='bbox 914 3270 1078 3356; x_wconf 85' lang='lat' dir='ltr'><strong>sanguinis</strong></span> <span class='ocrx_word' id='word_1_178' title='bbox 1103 3283 1235 3336; x_wconf 88' lang='lat' dir='ltr'><strong>tantum</strong></span> 
     </span>
     <span class='ocr_line' id='line_1_26' title="bbox 217 3386 1236 3472; baseline -0.002 -16"><span class='ocrx_word' id='word_1_179' title='bbox 217 3391 283 3468; x_wconf 81' lang='lat' dir='ltr'><strong>suit</strong></span> <span class='ocrx_word' id='word_1_180' title='bbox 307 3390 362 3453; x_wconf 91' lang='lat' dir='ltr'><strong>illa</strong></span> <span class='ocrx_word' id='word_1_181' title='bbox 388 3387 543 3463; x_wconf 85' lang='lat' dir='ltr'><strong>affinitas,</strong></span> <span class='ocrx_word' id='word_1_182' title='bbox 577 3389 633 3454; x_wconf 85' lang='lat' dir='ltr'><strong>sed</strong></span> <span class='ocrx_word' id='word_1_183' title='bbox 655 3386 757 3452; x_wconf 87' lang='lat' dir='ltr'><strong>animi</strong></span> <span class='ocrx_word' id='word_1_184' title='bbox 780 3407 931 3471; x_wconf 88' lang='lat' dir='ltr'><strong>quoque,</strong></span> <span class='ocrx_word' id='word_1_185' title='bbox 966 3408 1050 3472; x_wconf 88' lang='lat' dir='ltr'><strong>quae</strong></span> <span class='ocrx_word' id='word_1_186' title='bbox 1076 3389 1173 3464; x_wconf 86' lang='lat' dir='ltr'><strong>facit,</strong></span> <span class='ocrx_word' id='word_1_187' title='bbox 1197 3401 1236 3454; x_wconf 87' lang='lat' dir='ltr'><strong>ut</strong></span> 
     </span>
     <span class='ocr_line' id='line_1_27' title="bbox 215 3501 1211 3594; baseline -0.006 -18"><span class='ocrx_word' id='word_1_188' title='bbox 215 3508 380 3594; x_wconf 81' lang='lat' dir='ltr'><strong>Antigone</strong></span> <span class='ocrx_word' id='word_1_189' title='bbox 403 3505 557 3571; x_wconf 86' lang='lat' dir='ltr'><strong>lubenter</strong></span> <span class='ocrx_word' id='word_1_190' title='bbox 581 3501 742 3590; x_wconf 80' lang='lat' dir='ltr'><strong>Polynicis</strong></span> <span class='ocrx_word' id='word_1_191' title='bbox 763 3525 857 3570; x_wconf 89' lang='lat' dir='ltr'><strong>causa</strong></span> <span class='ocrx_word' id='word_1_192' title='bbox 881 3503 1027 3589; x_wconf 87' lang='lat' dir='ltr'><strong>pericula</strong></span> <span class='ocrx_word' id='word_1_193' title='bbox 1050 3505 1211 3589; x_wconf 86' lang='lat' dir='ltr'><strong>suscipiat.</strong></span> 
     </span>
     <span class='ocr_line' id='line_1_28' title="bbox 263 3621 1234 3713; baseline 0.002 -23"><span class='ocrx_word' id='word_1_194' title='bbox 263 3627 363 3693; x_wconf 90' lang='grc'>1027.</span> <span class='ocrx_word' id='word_1_195' title='bbox 393 3630 602 3701; x_wconf 64' lang='lat' dir='ltr'><strong>induenter,</strong></span> <span class='ocrx_word' id='word_1_196' title='bbox 635 3622 670 3688; x_wconf 89' lang='lat' dir='ltr'><strong>B.</strong></span> <span class='ocrx_word' id='word_1_197' title='bbox 695 3624 736 3688; x_wconf 85' lang='lat' dir='ltr'><strong>ad</strong></span> <span class='ocrx_word' id='word_1_198' title='bbox 769 3624 875 3700; x_wconf 82' lang='lat'><strong>1014,</strong></span> <span class='ocrx_word' id='word_1_199' title='bbox 907 3621 965 3708; x_wconf 88' lang='lat' dir='ltr'><strong>qui</strong></span> <span class='ocrx_word' id='word_1_200' title='bbox 988 3624 1077 3704; x_wconf 81' lang='lat' dir='ltr'><strong>addit</strong></span> <span class='ocrx_word' id='word_1_201' title='bbox 1101 3622 1234 3713; x_wconf 77' lang='grc' dir='ltr'><strong>λάβωσι,</strong></span> 
     </span>
     <span class='ocr_line' id='line_1_29' title="bbox 214 3736 1232 3830; baseline -0.001 -20"><span class='ocrx_word' id='word_1_202' title='bbox 214 3749 352 3828; x_wconf 77' lang='grc' dir='ltr'><strong>φάγωσι,</strong></span> <span class='ocrx_word' id='word_1_203' title='bbox 386 3765 531 3830; x_wconf 86' lang='lat' dir='ltr'><strong>quorum</strong></span> <span class='ocrx_word' id='word_1_204' title='bbox 553 3741 711 3826; x_wconf 87' lang='lat' dir='ltr'><strong>posterius</strong></span> <span class='ocrx_word' id='word_1_205' title='bbox 737 3754 824 3808; x_wconf 88' lang='lat' dir='ltr'><strong>certe</strong></span> <span class='ocrx_word' id='word_1_206' title='bbox 847 3742 888 3806; x_wconf 88' lang='lat' dir='ltr'><strong>ad</strong></span> <span class='ocrx_word' id='word_1_207' title='bbox 911 3736 1066 3809; x_wconf 77' lang='grc' dir='ltr'><em>στάσονται</em></span> <span class='ocrx_word' id='word_1_208' title='bbox 1088 3746 1232 3810; x_wconf 84' lang='lat' dir='ltr'><strong>releren-</strong></span> 
     </span>
     <span class='ocr_line' id='line_1_30' title="bbox 214 3859 1234 3947; baseline 0 -19"><span class='ocrx_word' id='word_1_209' title='bbox 214 3863 319 3940; x_wconf 86' lang='lat' dir='ltr'><strong>dum,</strong></span> <span class='ocrx_word' id='word_1_210' title='bbox 342 3863 433 3947; x_wconf 86' lang='lat' dir='ltr'><strong>quod</strong></span> <span class='ocrx_word' id='word_1_211' title='bbox 458 3862 634 3926; x_wconf 86' lang='lat' dir='ltr'><strong>confirmat</strong></span> <span class='ocrx_word' id='word_1_212' title='bbox 655 3859 696 3928; x_wconf 82' lang='grc' dir='ltr'><strong>Α.</strong></span> <span class='ocrx_word' id='word_1_213' title='bbox 713 3861 754 3926; x_wconf 89' lang='lat' dir='ltr'><strong>ad</strong></span> <span class='ocrx_word' id='word_1_214' title='bbox 774 3861 871 3926; x_wconf 83' lang='lat'><strong>1013.</strong></span> <span class='ocrx_word' id='word_1_215' title='bbox 904 3859 1034 3927; x_wconf 82' lang='lat' dir='ltr'><strong>Praeter</strong></span> <span class='ocrx_word' id='word_1_216' title='bbox 1056 3881 1127 3937; x_wconf 87' lang='lat' dir='ltr'><strong>eos,</strong></span> <span class='ocrx_word' id='word_1_217' title='bbox 1151 3881 1234 3946; x_wconf 83' lang='lat' dir='ltr'><strong>quos</strong></span> 
     </span>
     <span class='ocr_line' id='line_1_31' title="bbox 213 3976 1234 4056; baseline -0.001 -10"><span class='ocrx_word' id='word_1_218' title='bbox 213 3992 359 4046; x_wconf 76' lang='lat' dir='ltr'><strong>recenset</strong></span> <span class='ocrx_word' id='word_1_219' title='bbox 390 3977 517 4056; x_wconf 66' lang='lat' dir='ltr'><strong>Weu„</strong></span> <span class='ocrx_word' id='word_1_220' title='bbox 551 3985 726 4050; x_wconf 72' lang='grc' dir='ltr'><em>σπάσονται</em></span> <span class='ocrx_word' id='word_1_221' title='bbox 752 3977 850 4045; x_wconf 86' lang='lat' dir='ltr'><strong>etiam</strong></span> <span class='ocrx_word' id='word_1_222' title='bbox 884 3976 1092 4044; x_wconf 86' lang='lat' dir='ltr'><strong>Hermannue</strong></span> <span class='ocrx_word' id='word_1_223' title='bbox 1121 3978 1234 4046; x_wconf 75' lang='lat' dir='ltr'><strong>scribit</strong></span> 
     </span>
    </p>
   </div>
   <div class='ocr_carea' id='block_1_3' title="bbox 0 0 1498 5020">
    <p class='ocr_par' dir='ltr' id='par_1_3' title="bbox 0 0 1498 5020">
     <span class='ocr_line' id='line_1_32' title="bbox 0 0 1498 5020; baseline 0 4"><span class='ocrx_word' id='word_1_224' title='bbox 0 0 1498 5020; x_wconf 95' lang='lat' dir='ltr'><strong> </strong></span> 
     </span>
    </p>
   </div>
  </div>
 </body>
</html>
