2988 5020
791 417 833 482 70

309 653 373 694 των
402 629 455 690 καί
488 625 645 709 διεγείρων
675 625 740 690 cinti
768 629 833 690 τῶν
864 624 997 707 δεμνίων
1028 625 1321 705 πεδιοπίόιιτιιπος,

307 752 405 827 ἤγουν
440 746 460 808 o‘
489 747 605 816 ιιιιίπος
639 746 659 806 ό
686 745 719 807 ix
754 753 962 826 συγκρουσμοῑι
996 745 1060 809 τῶι
1097 743 1204 811 ὃπλων
1243 749 1322 826 πρὸς

309 861 390 946 inpia
413 863 466 926 καί
488 863 578 950 (fort.
594 857 627 946 ἠ)
653 867 709 942 τῆς
731 863 766 926 ἐι
793 869 833 944 τῇ
853 868 895 944 γῇ
913 863 978 926 τῶν
999 863 1106 926 ἵππων
1122 862 1317 947 παδοιιροτιί-

308 1003 381 1054 στοις
410 979 439 1066 ¹)
473 984 634 1060 γινόμενος
672 981 855 1064 χρίμπτεται
892 980 945 1041 καί
986 979 1191 1065 προςπτλάζιι
1228 985 1320 1064 ἡμῶν

307 1107 372 1172 τοῖς
397 1098 485 1163 ὠσίν.
530 1096 615 1161 Male
640 1097 711 1180 quis
733 1095 810 1160 hinc
832 1096 993 1194 efficeret,
1018 1096 1232 1180 interpretem
1257 1101 1319 1185 βοὰ

306 1238 374 1282 nou
405 1216 532 1303 legisse3
567 1214 675 1298 potius
705 1212 861 1280 iuvenisse
896 1212 1024 1278 videtur
1048 1218 1127 1301 βοᾷ,
1160 1223 1318 1293 ποτᾶται,

306 1336 422 1423 βρέμει.

350 1451 407 1518 tv.
432 1449 580 1534 Denique
600 1448 637 1514 Β.
660 1451 702 1513 ad
723 1450 780 1514 84.
804 1450 1041 1534 ἐγχρίμπτεται;
1075 1449 1198 1514 collatis
1219 1449 1326 1538 libro·¹

306 1591 384 1635 rum
415 1568 606 1632 lectionibus
639 1565 774 1650 ipsaque
817 1565 1009 1632 scholiastae
1051 1567 1324 1652 interpretatione·

306 1685 475 1772 probabile
507 1699 573 1758 est,
596 1687 685 1747 huno
707 1683 764 1747 ὠσί
785 1703 852 1747 non
875 1684 1034 1752 habuisse.

350 1804 400 1869 Ex
422 1800 471 1867 his
494 1804 556 1864 hae
580 1800 721 1864 existunt
740 1799 848 1865 uariae
871 1801 1035 1866 lectiones:

405 1920 433 1986 Ι.
478 1919 622 2002 Aietoios
642 1922 727 1991 κόνις
749 1943 785 1998 με
807 1919 911 1982 πείθει
933 1923 1054 2000 φανιῒσ’

481 2036 672 2112 ”Αιαυδο,·,
696 2039 795 2118 σαφὴς
820 2034 861 2100 δ’·
886 2037 996 2119 ἔτυμος
1017 2037 1150 2118 ἄγγελος

481 2155 682 2239 ’Etruniae
710 2153 794 2218 πεδί’
820 2153 992 2220 ὁπλόκτυπ’

482 2277 553 2338 Ὠσί
579 2275 762 2359 χρίμπτεται
781 2277 873 2358 βοάν.

305 2416 388 2479 quae
416 2393 460 2457 sic
492 2392 708 2473 explicantur:
738 2387 899 2454 aetherius
923 2391 1028 2471 pulvis
1046 2390 1128 2454 mihi
1145 2395 1317 2474 persuadet

303 2511 470 2585 sublatus,
501 2522 636 2582 mutus,
669 2507 723 2570 sed
747 2507 953 2585 manifestus3
990 2529 1084 2574 verus
1110 2507 1205 2598 (erat)
1228 2531 1313 2573 nuu-

304 2630 390 2706 oius,
427 2627 483 2712 qui
507 2647 561 2690 me
590 2647 607 2689 e
634 2623 740 2689 stratis
772 2623 952 2704 excitabam
986 2629 1092 2690 solum
1122 2628 1260 2692 calcibus
1281 2626 1312 2713 ²)

304 2749 469 2831 pulsatum
504 2744 656 2808 admovet
686 2741 777 2830 (facit
801 2755 838 2804 ut
859 2741 1002 2827 accedat)
1035 2743 1167 2808 auribus
1192 2749 1314 2810 clamo-

303 2866 410 2930 rem.''
435 2861 526 2945 Quae
548 2858 699 2944 quamvis
714 2859 791 2924 scite
810 2860 1005 2944 excogitata,
1030 2882 1106 2925 vera
1125 2875 1236 2926 tamen
1248 2885 1313 2927 esso

303 2992 488 3066 nequeuut;
520 2974 722 3042 coacervatio
747 2976 836 3040 enim
857 2977 1089 3042 adiectivorum
1111 2992 1185 3044 ante
1206 3001 1314 3044 unum

302 3099 540 3168 substantivum
570 3087 742 3182 (ἄνααδοξ,
767 3099 884 3177 σαφὴς,
910 3094 1033 3181 ἔτυμος)
1056 3096 1215 3184 Aeschylo
1235 3121 1312 3164 curn

303 3220 447 3284 maxime
476 3214 609 3299 propria
639 3226 696 3277 est.
748 3215 792 3276 Λὲ
825 3233 864 3276 ex
897 3214 1161 3296 interpretatione
1183 3231 1320 3282 natum..

304 3334 357 3401 Cf.
379 3356 462 3420 quae
479 3336 519 3398 ad
537 3333 647 3397 Proin.
671 3331 768 3397 1009.
789 3332 885 3393 allata
903 3343 989 3405 sunt,
1007 3343 1040 3394 et
1061 3330 1101 3397 A.
1120 3334 1160 3395 ad
1172 3334 1231 3408 80,
1256 3333 1312 3397 ubi

304 3455 360 3539 qui
395 3452 606 3537 posteriorem
645 3448 947 3532 interpretationem
981 3447 1108 3530 scripsit
1138 3451 1240 3536 magia
1271 3454 1320 3516 ad.

304 3687 556 3700 .-—-—--——-——n

337 3847 360 3908 1)
394 3846 439 3895 Μι.
456 3840 569 3915 treione.

334 3948 361 4011 a)
394 3950 457 4000 rea.
480 3951 506 3999 tn
530 3951 613 4000 smol.
638 3951 669 3999 A.
691 3967 737 4017 pro
762 3949 823 4015 τοῖς
850 3944 949 4014 taam
968 3953 1045 4004 habet
1083 3953 1144 4017 τιῖς
1170 3949 1235 4008 τιτι
1255 3925 1315 4007 ταί

296 4043 391 4106 ‘ianua
410 4052 458 4108 xci
479 4052 534 4108 reia
555 4047 669 4121 ίπλωι,
686 4053 729 4102 ubi
746 4055 795 4117 teg.
813 4052 862 4109 uei
884 4055 951 4120 ταῖς
971 4051 1088 4120 ὁπλαῖς.
