3050 5034
710 539 751 604 55

228 743 498 832 interpraetatio
523 746 585 836 alio
607 736 698 825 loeo,
733 759 767 811 et
798 746 932 833 quidem
956 759 994 812 ut
1017 746 1145 813 videtur
1168 749 1241 832 post

228 865 305 951 ipos
325 865 430 952 legit·
459 863 516 928 His
549 884 648 929 nemo
671 863 861 928 diffitebitur
891 864 985 930 valde
1008 864 1147 930 dubium
1169 864 1242 929 fieri

228 986 335 1061 θεῶν,
358 1003 424 1067 quo
446 981 607 1048 vocabalo
629 995 764 1066 propter
789 1003 918 1047 semum
939 994 972 1046 et
989 993 1134 1046 metrum
1158 981 1243 1064 opti-
1343 989 1346 994 '

223 1121 282 1163 me
317 1095 475 1165 caremus.
533 1097 647 1163 Initio
664 1100 759 1164 huius
791 1099 886 1182 epodi
899 1093 1018 1162 'oratio
1042 1111 1110 1162 tam
1134 1099 1267 1165 hiulca

220 1229 292 1293 est,
324 1229 395 1281 tam
419 1216 556 1280 insolens
581 1216 635 1280 illa
657 1217 772 1300 positio
794 1214 973 1299 particulae
994 1218 1077 1300 pis,
1099 1217 1243 1301 denique

226 1333 406 1420 tautologia
432 1331 513 1398 adeo
537 1333 683 1419 ingrata,
715 1346 753 1398 ut
783 1355 914 1416 prorsus
940 1334 1093 1398 assentiar
1122 1329 1243 1398 Schoe-

227 1471 372 1527 manno‚
395 1448 479 1515 haee
501 1462 657 1534 corrupta
679 1449 845 1516 iudicanti.
879 1449 965 1535 ¹Ipse
992 1449 1125 1516 aeribit:
1149 1452 1243 1532 Ἐμοὶ

228 1567 262 1634 δὲ
289 1570 389 1651 τίμιος
411 1567 526 1652 daei-ds
547 1574 645 1650 γάμος
669 1571 808 1657 ἄφοβος,
832 1567 928 1653 Μηδὲ
950 1572 1134 1652 κρεισσόνων
1156 1568 1245 1633 θεῶν

221 1685 333 1772 ·”Εροις
362 1691 506 1768 ἄφυκτον
538 1687 621 1770 ὄμμα
651 1685 838 1771 προςδράιιοι
861 1711 909 1769 με.
954 1683 1047 1772 Quae
1080 1669 1256 1752 coniectu-¹

220 1823 265 1869 ra
280 1805 461 1869 admodum
480 1803 622 1900 speciosa
638 1816 696 1870 eet.
741 1801 805 1868 Sed
822 1804 863 1868 ad
879 1803 1123 1868 annotationem
1142 1799 1246 1868 Seho'-

222 1921 337 1987 ·liastae
359 1918 493 2010 ἄφοβος]
528 1921 589 2004 εἶμί
619 1922 674 1986 hie
696 1920 866 2004 provocari
893 1941 961 1985 non
989 1921 1139 1988 debebat.
1161 1977 1165 1984 ,
1184 1919 1244 1984 Ille

222 2040 339 2114 enim,
367 2039 425 2122 qui
455 2040 540 2101 hano
574 2040 714 2123 glossam
744 2037 888 2120 scripsit,
919 2037 1067 2102 similiter
1101 2040 1142 2103 ad
1168 2041 1245 2119 ὁμοο

228 2154 281 2230 aa
321 2155 462 2220 verbum
499 2153 739 2218 substantivum
772 2153 953 2239 intelligere
984 2153 1108 2236 potuit:
1146 2153 1245 2222 'miles'

227 2274 314 2359 'qaia
344 2272 548 2360 coniugium
583 2270 726 2356 aequale
760 2282 830 2346 eet,
866 2292 935 2334 ποιι
971 2282 1083 2336 metuo
1088 2295 1103 2350 ,·
1136 2291 1245 2354 neque

225 2390 319 2456 enim
350 2401 419 2454 tam
443 2383 732 2474 elegantis'iudieii
754 2389 805 2453 isti
818 2388 952 2468 sternii
981 2396 1095 2466 erant,
1127 2400 1166 2453 ut
1187 2409 1246 2453 re·

227 2505 386 2593 petitione
414 2505 557 2572 eimdem
586 2505 765 2572 sententiae
796 2507 927 2597 (ἄφοβός
955 2510 1037 2591 εἶμι,
1071 2508 1107 2573 οδ
1137 2504 1241 2592 δέδια)

221 2627 483 2703 offenderentur3
497 2625 630 2702 aceedit,
643 2626 733 2710 quod
743 2623 915 2700 nescimus,
930 2627 1096 2711 quomodo
1106 2647 1243 2710 aequen-

223 2743 272 2808 ·tia
313 2744 394 2808 olim
425 2746 512 2808 -leata
551 2744 683 2807 tuerint.
738 2742 826 2808 Illud
866 2743 1031 2808 verissime
1061 2741 1244 2810 observavit

228 2858 401 2937 Sohoem.‚
431 2860 573 2944 optantio
598 2860 728 2925 tantum
751 2863 944 2926 sententiam
969 2861 1023 2926 hio
1045 2863 1147 2926 ehoro
1166 2883 1243 2928 eon-

223 2979 356 3056 venire,
380 2999 481 3064 quare
498 2989 626 3043 eertum
645 2979 746 3062 puto,
769 2979 806 3044 οὐ
823 2977 914 3044 δέδια
933 2979 1119 3065 interpretis
1141 2979 1243 3046 verba

226 3115 312 3174 esse;
336 3097 377 3160 de
396 3094 529 3180 reliquia
550 3095 674 3182 ambigi
694 3101 793 3179 posse,
817 3117 884 3161 non
901 3098 1054 3180 estquod
1071 3108 1250 3163 moneam·

223 3235 228 3266 2
271 3215 352 3280 919.
373 3216 509 3288 Ποοτὸς,
530 3212 609 3279 Ver.
623 3212 714 3279 Leet.
728 3215 815 3296 apud
836 3213 876 3277 A.
894 3213 935 3276 ad
954 3214 1030 3288 907,
1054 3231 1121 3276 non
1138 3212 1243 3299 magis

226 3327 457 3419 probandum,
481 3350 583 3415 quam
604 3333 695 3414 quod
713 3333 755 3396 ad
773 3330 1023 3413 praecedentem
1044 3347 1174 3418 versum
1194 3332 1243 3395 af-

226 3454 291 3516 fert
305 3455 414 3524 τόποις
426 3468 487 3532 pro
505 3451 645 3521 κτύποις.
664 3449 708 3512 of.
727 3469 759 3513 v.
775 3447 852 3521 925,
877 3444 952 3510 Hes.
971 3449 1242 3534 κτύπος-βροντή.

225 3565 373 3634 Fortasse
392 3565 474 3630 illud
492 3567 600 3638 τόποις
620 3574 733 3628 ortum
752 3575 857 3628 estex
875 3565 995 3640 κόποις,
1019 3562 1109 3647 quod
1126 3565 1167 3628 ed
1185 3582 1243 3628 vo·

226 3683 382 3749 oabulum
402 3687 532 3758 ιιτδποις
557 3681 788 3765 explicandum
813 3679 1013 3764 adscriptum
1036 3701 1100 3746 esse
1121 3679 1241 3763 potuit.

227 3797 282 3865 cf.
295 3800 374 3866 Var.
387 3798 506 3885 Seript.
529 3799 677 3884 Choeph.
699 3801 753 3867 23.
771 3835 817 3852 -
839 3798 1241 3865 Permutantur'nn'eeoee

226 3928 260 3980 et
276 3921 417 3984 usefrea
436 3913 560 4002 (Sobel.
580 3915 633 4002 B.)
652 3937 753 4002 supra
768 3937 801 3982 r.
817 3917 905 3992 274,
928 3919 1040 3990 πδοτις
1065 3927 1099 3980 et
1117 3916 1241 3998 πίστις,

226 4031 318 4120 Sept.
336 4033 390 4100 54.
413 4067 459 4085 -
485 4032 577 4103 Voss.
600 4036 631 4102 1.
649 4035 683 4100 in
701 4036 764 4100 hoo
781 4032 903 4106 scholio
920 4052 982 4117 pro
999 4035 1160 4119 πύρπνοον
1182 4032 1241 4097 ha·

228 4151 285 4222 het
309 4153 497 4241 ereptorem.
