3050 5034
781 560 823 626 08

293 767 383 852 Sept.
405 764 498 853 515),
523 767 591 854 ῥέος
612 765 889 853 δακρυσίστακτον,
913 787 1011 851 supra
1032 789 1063 834 v.
1087 766 1163 846 8983
1189 765 1309 853 quibus

292 890 458 972 permulta
480 907 520 950 ex
544 885 612 950 aliis
634 886 734 949 etiam
757 885 869 972 poetis
884 899 1012 967 possent
1036 885 1127 963 addi3
1162 885 1309 952 sedeatis

291 1007 359 1070 iam
377 1028 416 1069 ex
433 997 630 1087 his'apparet
648 1003 683 1072 in
698 1003 877 1067 istiusmodi
889 1003 1053 1069 adieetivis
1066 1005 1205 1068 alteram
1218 1023 1308 1068 eom·

290 1117 458 1207 positionis
484 1134 614 1206 partem
644 1121 831 1205 quiescere,
866 1121 1070 1208 tragicosque
1099 1118 1163 1187 hae
1184 1123 1309 1186 ratione

291 1261 370 1306 eum
388 1261 437 1304 res
460 1238 590 1325 gravius
613 1237 810 1322 expressisse,
833 1250 908 1302 tum
921 1239 1021 1303 verbe
1041 1251 1075 1303 et
1091 1239 1304 1308 construetio-

295 1379 362 1433 nes,
388 1358 557 1422 communi
581 1377 641 1420 usu
659 1356 747 1432 trita,
771 1375 980 1440 quorumque
1003 1355 1049 1420 uis
1073 1355 1145 1419 ideo
1169 1359 1307 1439 paulum

291 1477 431 1540 infracta
454 1488 533 1540 esset
559 1488 592 1538 et
614 1474 811 1549 imminuta,
836 1473 979 1540 evitasse.

335 1595 372 1658 Β.
390 1597 430 1658 ad
445 1595 521 1656 592.
546 1589 702 1679 βιαζεται]
720 1590 886 1677 διέρχεται.
910 1591 1056 1655 Lemma
1071 1591 1205 1669 excidit3
1232 1613 1307 1674 per-

289 1711 373 1773 tinet
392 1711 481 1772 enim
501 1711 582 1772 haee
604 1711 703 1792 glossa
722 1709 764 1770 ad
786 1708 886 1772 verba
907 1711 983 1793 πρὸς
1001 1709 1076 1796 βίαν
1101 1709 1302 1792 γυμνάζεται.

337 1826 413 1889 602.
436 1831 620 1911 Νὴστῃσιν,
644 1825 723 1891 Ver.
745 1823 834 1891 Leot.
854 1847 906 1907 ap.
933 1823 1036 1916 A.ed
1058 1827 1142 1904 600;
1167 1828 1305 1891 eandem

290 1944 464 2008 lectionem
487 1943 587 2006 habet
607 1941 697 2012 Voss.
723 1946 752 2008 1.
773 1944 807 2006 in
826 1947 981 2007 lemmate
1003 1944 1100 2007 huius
1120 1944 1248 2020 scholii,
1272 1917 1304 2010 et

290 2065 390 2146 paulo
415 2073 487 2145 pust
511 2062 546 2148 (1.
568 2057 620 2146 3),
644 2060 703 2126 ubi
720 2073 833 2126 tamen
861 2059 1071 2124 librariorum
1092 2082 1184 2125 error
1210 2063 1306 2126 faoiie

292 2179 487 2267 agnoscitur.
533 2178 581 2242 De
614 2177 684 2261 ipsa
715 2177 849 2262 quidem
883 2179 992 2242 forma
1014 2183 1127 2260 νήστης
1150 2179 1304 2242 dubitan-

290 2302 373 2362 dum
395 2319 463 2362 non
482 2297 611 2360 videtur
636 2291 903 2382 (Phrynen),
927 2315 1020 2370 nam,
1045 2297 1172 2359 tametsi
1198 2303 1303 2379 νῆστις

289 2429 433 2498 utroque
460 2430 577 2498 genere
608 2411 750 2484 dicitur,
780 2411 862 2474 nihil
894 2419 1005 2476 tamen
1028 2413 1184 2494 impedit,
1218 2435 1305 2498 quo-

291 2532 400 2595 minus
424 2543 457 2594 et
479 2536 591 2612 νήσνη,1
616 2541 648 2592 et
669 2535 773 2610 νῆστις
797 2529 876 2591 olim
900 2529 1053 2594 exstitisse
1075 2542 1246 2612 putemus;
1265 2543 1305 2596 'et

291 2671 327 2714 re
345 2671 421 2714 vera
441 2648 549 2732 priore
568 2649 676 2711 forma
690 2667 765 2710 usus
779 2659 826 2710 est
842 2644 950 2711 Metro
964 2669 1017 2730 ap.
1036 2647 1156 2713 Athen.
1177 2671 1211 2732 p.
1228 2651 1302 2726 131,

288 2789 322 2833 v.
341 2769 398 2842 10,
423 2763 602 2830 Simonides
628 2765 662 2830 in
680 2760 782 2828 Bekis.
804 2764 926 2828 Aneod.
954 2786 986 2847 p.
1007 2767 1104 2831 1402.
1129 2765 1182 2832 cf.
1203 2764 1301 2833 Piero.

289 2885 331 2946 ad
353 2881 455 2946 Moer.
489 2903 522 2964 p.
545 2883 621 2946 270.
666 2882 746 2946 Inde
772 2888 877 2962 νῆστις
908 2883 1091 2946 formatum
1114 2897 1160 2948 est
1186 2887 1301 2949 eodem

289 3002 408 3076 mode,
433 3020 499 3084 quo
522 3001 661 3072 κυνῶπις
685 3021 703 3062 a
727 3001 894 3082 κυνώπης,
917 3001 1059 3084 septime
1083 3023 1102 3066 a
1128 3005 1297 3086 πυρώπης,

287 3131 351 3183 ete.
376 3119 419 3182 cf.
440 3117 523 3182 Lob.
546 3115 598 3198 Αἰ.
620 3137 654 3198 p.
676 3115 759 3191 407,
791 3115 916 3180 Pathol.
946 3138 978 3199 p.
998 3118 1074 3180 504.
1097 3135 1131 3186 n.
1158 3119 1219 3195 30;
1244 3119 1301 3182 sed

286 3243 401 3318 νήστης
419 3233 638 3298 masculinum
656 3253 730 3308 esse,
743 3233 879 3316 quisque
893 3231 990 3308 videt,
1014 3235 1100 3296 unde
1116 3234 1202 3313 apud
1215 3231 1299 3297 Pho-

287 3355 395 3430 tium,
419 3376 454 3436 p.
473 3354 550 3418 299.
578 3352 631 3418 10.
655 3357 784 3436 νήστης,
808 3349 959 3432 Σικελικὴ
980 3355 1071 3427 θεὸς,
1095 3356 1201 3432 νῆστις
1222 3351 1300 3417 ecri-

285 3472 435 3536 'bendum
459 3483 505 3536 est
526 3471 582 3560 (of.
604 3470 695 3534 Eust.
717 3469 755 3535 Il.
777 3468 868 3533 XIX.
891 3490 925 3552 p.
944 3469 1040 3533 1180.
1067 3471 1118 3544 11,
1142 3468 1299 3547 Karsten,

288 3571 410 3674 Empd.
422 3611 455 3672 p.
474 3586 565 3673 181).
610 3593 734 3669 Νῆστις
754 3588 816 3651 ἀπὸ
837 3591 892 3653 νοῦ
908 3593 1020 3671 νήστης
1032 3587 1218 3651 ducendum
1231 3605 1297 3650 esse

286 3729 394 3790 quum
421 3707 533 3768 doetus
556 3705 789 3790 grammaticus
811 3707 847 3768 h.
862 3706 884 3768 l.
915 3715 1114 3782 annotasset,
1143 3705 1221 3767 hine
1245 3725 1298 3769 su-

286 3823 394 3906 spicor
411 3820 487 3885 alios
510 3821 634 3885 veriam
657 3821 829 3886 lectionem
851 3828 998 3908 νήσνῃσιν
1018 3823 1155 3898 finxisse,
1179 3836 1212 3886 et
1231 3835 1299 3909 ety-

284 3959 369 4004 mon
393 3937 555 4014 addidisse,
579 3929 882 4002 msnifsstosalsum
904 3940 979 4028 (ἀπὸ
996 3944 1050 4004 τοῦ
1074 3965 1113 4023 νη
1134 3943 1188 4003 καὶ
1212 3943 1297 4024 ἵστη-

284 4055 351 4142 μι),
374 4057 431 4121 sed
448 4055 510 4121 loci
528 4055 704 4120 sententiae
728 4058 1026 4122 accommodatum.
1072 4053 1171 4140 Quod
1194 4075 1296 4140 quam

282 4193 379 4259 saepe
418 4175 543 4240 iactum
577 4173 636 4249 sit,
676 4161 843 4239 neminem
875 4173 972 4260 fugit.
1026 4172 1102 4240 Uno
1137 4173 1297 4258 defungar
