3050 5034
705 559 746 622 st

269 767 347 832 567.
370 763 489 832 ’Ἀλεα
513 758 538 830 ὦ
562 763 603 831 δά
623 777 657 829 et
676 753 855 840 ἶἈλταάόα,
880 762 923 828 Α.
946 763 994 830 ud
1011 767 1086 845 568,
1110 763 1147 831 B.
1167 759 1234 842 ib.;

225 875 343 949 ’'Alsv'
362 878 385 950 ἆ
403 883 444 947 όά
461 901 538 947 cum
562 903 630 951 var,
653 883 728 947 lect.
750 874 777 948 ὦ
796 879 847 958 δᾶ,
865 878 974 948 Schol.
987 881 1015 946 F
1016 885 1112 960 seha,
1136 882 1193 968 qui
1216 875 1238 970 ό

220 1023 290 1064 non
314 1000 425 1065 itucite
447 1001 493 1064 sic
515 999 668 1082 explicat:
692 998 739 1064 Τό
762 993 784 1064 ἆ
807 997 955 1084 αλητικόν
976 1000 1129 1086 ἓπίῤῥημά
1154 1003 1239 1066 ἐστιν

223 1117 382 1202 ἤμόιλλον
407 1121 715 1200 προςφωνηματικόν·
748 1114 888 1201 διαφέρει
913 1115 947 1181 δὲ
976 1123 1031 1199 τῆς
1055 1117 1109 1182 διὰ
1133 1123 1187 1182 τοῦ
1213 1109 1238 1182 ὦ

229 1242 488 1320 προςφιονήσιως,
511 1236 561 1297 ὅτι
586 1241 678 1298 τοῦτο
700 1235 758 1317 μὲν
779 1241 888 1321 ’ψυχῆς
910 1235 1076 1313 οἷπαθοός,
1101 1237 1137 1299 τό
1161 1229 1241 1299 (lid

227 1350 408 1437 ταραχῶδες
437 1349 530 1434 δηλοῖ
549 1353 688 1437 ψυχικόν
712 1347 780 1416 οἷον
802 1357 824 1434 ἤ
845 1351 1047 1436 οχετλιαομόν
1078 1358 1100 1434 ἦ
1121 1351 1241 1424 ὄνειδος

229 1470 499 1552 ἤάνανάκτηοιν.
546 1467 712 1550 Apparet,
744 1467 825 1532 illud
856 1466 1041 1544 Ἀλιάαόα,
1069 1468 1184 1533 insulse
1209 1477 1248 1534 et'

224 1586 361 1650 ridicule
379 1607 397 1649 a
414 1583 523 1650 Schol.
544 1585 764 1666 explicatum,
783 1602 822 1646 cx
840 1582 927 1647 ἄλευ’
950 1581 971 1648 ol
995 1583 1036 1648 ta
1058 1597 1173 1648 uatum
1195 1606 1242 1648 es-

225 1722 277 1776 se,
302 1701 390 1784 quod
408 1699 657 1765 cum‘Valcken.
672 1702 712 1764 ad
735 1699 859 1764 Phoon.
878 1701 976 1766 1304.
989 1703 1242 1783 praeferendum

225 1817 307 1882 mihi
331 1818 479 1893 videtur,
503 1835 581 1900 prae
603 1815 692 1881 ἄλευ’
718 1810 743 1882 ὦ
768 1815 820 1883 ta.

272 1938 349 2000 577.
373 1932 615 2018 Τηλέπλαγκτοι
645 1933 682 1998 Β.
705 1934 915 1999 in‘lemmate
947 1935 1001 2023 (ad
1031 1932 1129 2018 576),
1153 1934 1242 2000 idem

227 2053 314 2117 iufra
337 2073 369 2118 t.
384 2053 462 2116 587.
482 2050 719 2130 πολύπλαγκτοι
734 2051 787 2135 (ad
804 2049 905 2136 585),
929 2051 1047 2136 quibus
1068 2073 1135 2114 non
1155 2053 1241 2114 mul-

227 2181 301 2232 tum
326 2167 559 2242 tribuendum,
587 2189 692 2250 quum
716 2180 856 2251 utraque
878 2167 974 2232 lectio
996 2167 1096 2232 etiam
1119 2168 1153 2232 in
1175 2164 1240 2232 Ox.

222 2286 281 2351 sit.
327 2285 438 2349 Priore
460 2287 532 2348 loco
554 2297 722 2366 praeterea
740 2284 819 2379 legit
836 2283 967 2362 πλάναι,
991 2286 1092 2349 altero
1113 2283 1239 2361 πλάνοι,

229 2415 269 2467 ut
282 2415 416 2486 apparet
429 2423 469 2466 ex
484 2401 751 2485 interpretatione
764 2407 889 2487 μακρά-υ·
902 2400 1085 2475 πλανῶντες
1099 2399 1241 2488 (meisa),

226 2541 377 2604 quaeque
403 2519 551 2602 deinceps
574 2518 679 2595 addit,
703 2520 744 2582 ad
767 2521 922 2595 sormam,
946 2532 984 2584 ut
1006 2531 1115 2602 putat,
1140 2519 1242 2600 τοτίο·

227 2657 299 2702 rem
311 2636 432 2712 πλάνος
450 2636 678 2702 illustrandam
700 2648 731 2700 et
743 2637 941 2700 firmandam
954 2637 1129 2719 pertinent.
1151 2637 1240 2702 Πλά-

228 2779 282 2829 υος
314 2757 402 2838 apud
425 2753 524 2836 Soph.
548 2767 581 2818 et
604 2754 684 2818 Eur.
715 2766 783 2818 tam
820 2757 972 2836 frequens
995 2766 1063 2829 est,
1094 2767 1131 2818 ut
1162 2757 1241 2819 alte·

228 2891 307 2936 rum
339 2879 450 2954 paene
475 2872 636 2953 expulerit
667 2870 824 2957 (Brunck.
860 2871 901 2934 ad
936 2871 1014 2936 Ant.
1051 2873 1113 2948 67,
1157 2871 1238 2936 Eur.

229 3010 283 3072 ap.
307 2985 399 3052 Stob.
425 2988 494 3052 Ecl.
521 2987 564 3050 ΙΙ.
590 3009 623 3070 p.
645 2989 729 3064 342,
754 2986 886 3072 Hecu),
909 2991 963 3054 sed
987 2992 1075 3072 apud
1099 2989 1240 3075 Aeschy-

228 3107 309 3170 lum·
325 3102 430 3187 πλάνη
452 3105 577 3167 nullam
600 3103 699 3168 habet
721 3104 962 3168 dubitationem
982 3102 1040 3192 (cf.
1060 3106 1147 3168 infra
1162 3107 1241 3182 625,

229 3221 304 3306 aL),
327 3221 408 3306 quin
430 3219 551 3294 πλάνος
573 3224 661 3305 apud
685 3223 774 3286 hunc
798 3242 865 3286 uon
890 3221 1066 3285 iuvenitur.
1112 3219 1241 3306 Quare,

230 3359 337 3424 quum
354 3351 489 3421 propter
507 3338 732 3421 antistrophen
749 3336 963 3402 necessarium
981 3338 1021 3401 sit
1038 3337 1242 3421 τηλέπλανοι,

230 3470 268 3521 ut
290 3457 377 3521 iufra
399 3455 597 3522 πολύπλανοι
619 3456 797 3530 restituere,
821 3454 903 3517 nihil
926 3455 1042 3528 obstat,
1067 3458 1242 3540 quominus

230 3577 272 3639 ad
295 3575 465 3640 vitandum
490 3575 658 3660 ingratum
681 3571 915 3655 όμοιοτέλευτον
934 3593 1012 3638 cum
1029 3572 1243 3658 171Ιο11.τηλέ··

202 3775 206 3782 .
231 3689 347 3756 πλανοι
371 3689 491 3757 πλάναι
515 3691 705 3756 scribamus.
740 3689 889 3756 Conferri
914 3704 1046 3775 possunt
1069 3691 1243 3774 deceptuose

233 3813 354 3888 φήμας,
378 3807 457 3873 Hec.
478 3811 561 3883 192,
585 3807 668 3873 πόδα
693 3807 891 3890 τυφλόπουν,
914 3809 1035 3876 Phoen.
1056 3813 1161 3888 1543,
1186 3815 1243 3879 σόν

229 3923 307 4010 ,δίκῃ
328 3923 448 4004 δίκαι’ᾳ,
473 3923 576 4009 Soph.
595 3927 674 3992 Ant.
693 3929 746 4003 23,
770 3926 891 4008 μεγάλα
912 3928 1132 4012 μεγαλήγορος,
1152 3927 1243 4012 Sept.

234 4043 312 4117 547,
335 4045 571 4125 ἁρματόκτυπον
594 4046 713 4130 ὄτοβος,
738 4045 822 4119 486,
846 4049 1031 4127 κοκόποτμοι
1052 4051 1155 4130 τύχαι,
1183 4047 1243 4131 dg.

228 4160 340 4234 -1107,
376 4162 474 4241 στόμα
504 4157 739 4245 ιιαλλίπφοιρον,
775 4157 851 4226 226.
885 4161 1008 4249 (πρῶρα
1037 4175 1084 4230 est
1108 4161 1243 4250 facist,
