3050 5034
709 569 750 633 17

228 777 298 840 isto
320 775 387 838 esse
406 772 646 849 constitutum,
681 791 747 838 non
778 773 810 838 ri
835 791 943 858 neque
965 771 1103 848 robore,
1134 771 1243 861 (sequi

227 890 368 957 debebat
388 891 577 956 victoriam
594 901 744 978 partum
769 891 835 966 iri,
856 890 911 955 sed
937 887 1136 956 constructio
1161 907 1243 973 peu·

230 1011 303 1073 inm
335 1004 548 1093 immutetur)
563 1008 630 1072 sed
661 1007 737 1073 dolo
769 1005 826 1093 q'ui
859 1006 1079 1072 excelluissent
1102 980 1253 1072 victuros*

229 1127 328 1192 esse.”
374 1123 485 1211 Quare
506 1145 574 1190 non
593 1143 674 1209 opus
692 1137 758 1202 est,
782 1137 820 1189 ut
838 1133 925 1191 oum
939 1123 1079 1210 Reisigio
1104 1119 1252 1212 violente

229 1243 414 1309 mutatione
425 1263 486 1326 pro
499 1243 710 1330 ὑπερέχοντας
721 1241 937 1321 substituatur
950 1240 1136 1327 πελαρίοαςς
1155 1241 1252 1325 quod'

232 1362 358 1426 etiamsi
371 1405 387 1448 ,⁸
404 1373 442 1425 ut
466 1363 519 1437 ille
541 1358 677 1436 statuit,
700 1359 896 1425 auctoritate
917 1357 1115 1426 scholiastae
1138 1357 1176 1424 B.
1188 1358 1247 1423 fir·

231 1493 400 1556 meretur,
424 1479 513 1562 quod
534 1499 623 1572 secus
646 1489 716 1553 est,
749 1485 861 1541 tamen
883 1497 951 1542 non
977 1477 1051 1542 setis
1075 1462 1253 1561 perspicue

229 1597 356 1662 dictum
379 1609 468 1662 essct.
515 1593 632 1661 Obiter
657 1615 776 1660 moneo
797 1597 916 1660 falsum
938 1615 1020 1672 esse,
1043 1596 1132 1682 quod
1157 1595 1247 1662 idem

230 1715 331 1792 dicit,
363 1733 549 1799 numquam
580 1715 669 1797 apud
691 1713 891 1800 Aeschylum
914 1713 1060 1779 ionicum
1082 1735 1102 1777 a
1125 1711 1248 1778 minori

230 1851 299 1898 uno
331 1831 493 1898 vocabulo
525 1833 801 1914 comprehensum
836 1833 956 1915 pedem
988 1843 1118 1897 sextum
1150 1842 1248 1896 ¹onte·

229 1951 353 2017 cedere.
391 1952 435 2015 os.
468 1947 560 2032 Sept.
589 1950 667 2015 430.
699 1947 911 2032 Πολυφόντου
933 1951 1001 2038 βία.
1050 1950 1246 2026 Praetereo,

230 2068 357 2134 etiamsi
386 2070 517 2131 nultum
540 2065 624 2130 illius
653 2065 702 2130 rei
728 2069 919 2150 exemplum
946 2066 1166 2143 inveniretur,
1198 2077 1247 2132 ta·

229 2204 401 2250 mennon
426 2195 609 2258 constaret,
641 2183 840 2270 Aeschylum
870 2183 916 2248 sic
937 2183 1078 2249 scribere
1098 2184 1246 2250 noluisse.

231 2299 422 2379 Nimirum,
462 2300 488 2366 si
528 2301 728 2386 quaestiones
765 2302 846 2365 odeo
881 2300 1179 2367 circumscribimus
1214 2314 1248 2368 et
1360 2341 1362 2346 ,

230 2420 321 2504 quati
344 2432 570 2495 coarctamus,
594 2418 687 2484 facilc
711 2440 787 2483 casu
809 2422 901 2505 'quod
923 2421 1050 2484 fectum
1082 2432 1147 2496 cst,
1172 2439 1248 2503 poe·

233 2547 284 2603 tce
308 2537 447 2602 delectui
474 2536 603 2601 cuidem
627 2536 858 2603 ods'o'ribemus.

236 2717 238 2724 ,
279 2653 357 2720 226.
380 2652 520 2718 Lemma
532 2651 624 2722 Voss.
647 2657 679 2720 1.
701 2655 719 2717 ὃ
743 2653 772 2718 t’
792 2649 849 2720 οὖν
870 2654 1004 2740 {soriti
1021 2657 1068 2738 μ’,
1091 2653 1249 2742 quodibi

234 2771 268 2836 in
304 2783 458 2836 contextu
495 2790 628 2855 quoquc
663 2771 802 2857 legitu13
846 2770 970 2838 scribae
1005 2792 1133 2850 errore,
1171 2793 1250 2836 nem
1317 2819 1322 2830 .

234 2887 307 2952 Per.
331 2888 368 2953 Β.
391 2888 426 2950 in
449 2891 563 2953 lcmm.
586 2890 604 2952 ὃ
626 2885 656 2952 δ’
681 2883 737 2955 osis
769 2891 898 2974 ἐρωτᾶτ’
924 2891 1050 2971 αἰτίαν,
1086 2910 1153 2976 quo
1174 2890 1250 2956 satis

234 3017 391 3080 cavetur,
414 3025 456 3067 ne
479 3004 552 3088 quis
575 3004 724 3070 coniiciet
748 3009 863 3092 ἐρωτᾷς
887 3008 931 3090 μ’.

279 3123 357 3186 235.
381 3119 489 3188 Schoi.
513 3121 554 3188 A.
578 3123 618 3187 od
643 3123 723 3189 231.
769 3125 857 3204 Ἐγὼ
882 3125 916 3190 δὲ
940 3129 960 3190 o‘
981 3124 1116 3210 τολμῇα,
1150 3131 1250 3208 ἤγουν

138 3247 144 3259 ’
234 3239 409 3326 τολμηρὸς,
441 3273 486 3288 -
519 3238 737 3324 ἐλατρωαάμηα
772 3244 826 3306 καὶ
851 3242 1002 3330 ἐξέβαλον
1026 3245 1098 3317 τούς
1121 3243 1249 3329 ἀνθρώ·

234 3361 335 3436 nous,
358 3361 413 3423 τοῦ
429 3361 471 3440 μὴ
496 3357 736 3444 διαφθαρέντας
758 3363 802 3434 εἷς
824 3363 880 3426 τὸν
903 3360 987 3447 ᾅδην
999 3363 1248 3447 παραγενέσθαι.

235 3474 287 3540 Sis
313 3475 403 3540 enirn
427 3476 507 3539 hacc
522 3472 565 3540 ’ἰη
591 3473 666 3540 Par.
690 3476 727 3542 Β.
751 3491 784 3542 et
805 3476 897 3545 Voss.
923 3481 952 3545 1.
976 3483 1142 3566 leguntur.
1188 3481 1251 3567 Pro

234 3590 343 3662 serbis
382 3589 440 3658 hio
474 3593 638 3678 explicetis
668 3593 698 3659 δ’
724 3599 745 3660 o‘
772 3595 885 3681 τολαῇ,1
918 3597 974 3686 (cf.
1006 3597 1044 3665 Β.
1077 3602 1119 3663 sd
1148 3597 1250 3684 235),

235 3711 398 3797 insignem
422 3712 567 3777 lectionis
588 3713 775 3779 varietatem
800 3717 894 3779 effert
918 3715 1007 3780 idem
1031 3717 1191 3802 interpres
1210 3719 1252 3783 ‘ed
1325 3772 1337 3778 -

240 3841 272 3894 v.
294 3829 373 3895 235.
396 3832 491 3905 sisic·
521 3831 606 3920 (sisti
629 3836 684 3897 τοῦ
707 3834 899 3899 auctoritate
919 3834 1005 3903 Rob.
1031 3837 1252 3902 omittendum

238 3943 394 4024 ridetur3
428 3969 448 4012 n
481 3949 552 4015 Par.
576 3949 614 4016 Β.
640 3957 677 4015 e't
695 3950 786 4018 Voss.
814 3953 845 4017 i.
880 3965 988 4018 totum
1020 3957 1083 4019 hoc
1110 3956 1255 4022 scholion

240 4063 346 4154 aben)
372 4063 433 4146 ἐγὼ
458 4064 487 4130 δ’
511 4066 683 4152 ἐτόλμησα,
708 4071 761 4132 καὶ
785 4072 821 4133 τὸ
845 4071 932 4150 ἑξῆς,
955 4074 1033 4152 μετὰ
1055 4077 1165 4154 ἤθους.
1190 4077 1257 4137 An.

243 4209 341 4255 soson
367 4184 421 4248 sni
444 4180 558 4269 τολμῇς
578 4178 659 4252 εἶναι
671 4186 747 4264 ,nis
768 4191 884 4268 τιμήεις
895 4233 906 4268 ,
928 4187 1036 4270 sanis,
1059 4187 1260 4254 Valckenee·

1130 4308 1150 4368 3
